@ARTICLE{2016A&A...595A...1G,
       author = {{Gaia Collaboration} and {Prusti}, T. and {de Bruijne}, J.~H.~J. and {Brown}, A.~G.~A. and {Vallenari}, A. and {Babusiaux}, C. and {Bailer-Jones}, C.~A.~L. and {Bastian}, U. and {Biermann}, M. and {Evans}, D.~W. and {Eyer}, L. and {Jansen}, F. and {Jordi}, C. and {Klioner}, S.~A. and {Lammers}, U. and {Lindegren}, L. and {Luri}, X. and {Mignard}, F. and {Milligan}, D.~J. and {Panem}, C. and {Poinsignon}, V. and {Pourbaix}, D. and {Randich}, S. and {Sarri}, G. and {Sartoretti}, P. and {Siddiqui}, H.~I. and {Soubiran}, C. and {Valette}, V. and {van Leeuwen}, F. and {Walton}, N.~A. and {Aerts}, C. and {Arenou}, F. and {Cropper}, M. and {Drimmel}, R. and {H{\o}g}, E. and {Katz}, D. and {Lattanzi}, M.~G. and {O'Mullane}, W. and {Grebel}, E.~K. and {Holland}, A.~D. and {Huc}, C. and {Passot}, X. and {Bramante}, L. and {Cacciari}, C. and {Casta{\~n}eda}, J. and {Chaoul}, L. and {Cheek}, N. and {De Angeli}, F. and {Fabricius}, C. and {Guerra}, R. and {Hern{\'a}ndez}, J. and {Jean-Antoine-Piccolo}, A. and {Masana}, E. and {Messineo}, R. and {Mowlavi}, N. and {Nienartowicz}, K. and {Ord{\'o}{\~n}ez-Blanco}, D. and {Panuzzo}, P. and {Portell}, J. and {Richards}, P.~J. and {Riello}, M. and {Seabroke}, G.~M. and {Tanga}, P. and {Th{\'e}venin}, F. and {Torra}, J. and {Els}, S.~G. and {Gracia-Abril}, G. and {Comoretto}, G. and {Garcia-Reinaldos}, M. and {Lock}, T. and {Mercier}, E. and {Altmann}, M. and {Andrae}, R. and {Astraatmadja}, T.~L. and {Bellas-Velidis}, I. and {Benson}, K. and {Berthier}, J. and {Blomme}, R. and {Busso}, G. and {Carry}, B. and {Cellino}, A. and {Clementini}, G. and {Cowell}, S. and {Creevey}, O. and {Cuypers}, J. and {Davidson}, M. and {De Ridder}, J. and {de Torres}, A. and {Delchambre}, L. and {Dell'Oro}, A. and {Ducourant}, C. and {Fr{\'e}mat}, Y. and {Garc{\'\i}a-Torres}, M. and {Gosset}, E. and {Halbwachs}, J. -L. and {Hambly}, N.~C. and {Harrison}, D.~L. and {Hauser}, M. and {Hestroffer}, D. and {Hodgkin}, S.~T. and {Huckle}, H.~E. and {Hutton}, A. and {Jasniewicz}, G. and {Jordan}, S. and {Kontizas}, M. and {Korn}, A.~J. and {Lanzafame}, A.~C. and {Manteiga}, M. and {Moitinho}, A. and {Muinonen}, K. and {Osinde}, J. and {Pancino}, E. and {Pauwels}, T. and {Petit}, J. -M. and {Recio-Blanco}, A. and {Robin}, A.~C. and {Sarro}, L.~M. and {Siopis}, C. and {Smith}, M. and {Smith}, K.~W. and {Sozzetti}, A. and {Thuillot}, W. and {van Reeven}, W. and {Viala}, Y. and {Abbas}, U. and {Abreu Aramburu}, A. and {Accart}, S. and {Aguado}, J.~J. and {Allan}, P.~M. and {Allasia}, W. and {Altavilla}, G. and {{\'A}lvarez}, M.~A. and {Alves}, J. and {Anderson}, R.~I. and {Andrei}, A.~H. and {Anglada Varela}, E. and {Antiche}, E. and {Antoja}, T. and {Ant{\'o}n}, S. and {Arcay}, B. and {Atzei}, A. and {Ayache}, L. and {Bach}, N. and {Baker}, S.~G. and {Balaguer-N{\'u}{\~n}ez}, L. and {Barache}, C. and {Barata}, C. and {Barbier}, A. and {Barblan}, F. and {Baroni}, M. and {Barrado y Navascu{\'e}s}, D. and {Barros}, M. and {Barstow}, M.~A. and {Becciani}, U. and {Bellazzini}, M. and {Bellei}, G. and {Bello Garc{\'\i}a}, A. and {Belokurov}, V. and {Bendjoya}, P. and {Berihuete}, A. and {Bianchi}, L. and {Bienaym{\'e}}, O. and {Billebaud}, F. and {Blagorodnova}, N. and {Blanco-Cuaresma}, S. and {Boch}, T. and {Bombrun}, A. and {Borrachero}, R. and {Bouquillon}, S. and {Bourda}, G. and {Bouy}, H. and {Bragaglia}, A. and {Breddels}, M.~A. and {Brouillet}, N. and {Br{\"u}semeister}, T. and {Bucciarelli}, B. and {Budnik}, F. and {Burgess}, P. and {Burgon}, R. and {Burlacu}, A. and {Busonero}, D. and {Buzzi}, R. and {Caffau}, E. and {Cambras}, J. and {Campbell}, H. and {Cancelliere}, R. and {Cantat-Gaudin}, T. and {Carlucci}, T. and {Carrasco}, J.~M. and {Castellani}, M. and {Charlot}, P. and {Charnas}, J. and {Charvet}, P. and {Chassat}, F. and {Chiavassa}, A. and {Clotet}, M. and {Cocozza}, G. and {Collins}, R.~S. and {Collins}, P. and {Costigan}, G.},
        title = "{The Gaia mission}",
      journal = {\aap},
     keywords = {space vehicles: instruments, Galaxy: structure, astrometry, parallaxes, proper motions, telescopes, Astrophysics - Instrumentation and Methods for Astrophysics},
         year = 2016,
        month = nov,
       volume = {595},
          eid = {A1},
        pages = {A1},
          doi = {10.1051/0004-6361/201629272},
archivePrefix = {arXiv},
       eprint = {1609.04153},
 primaryClass = {astro-ph.IM},
       adsurl = {https://ui.adsabs.harvard.edu/abs/2016A&A...595A...1G},
      adsnote = {Provided by the SAO/NASA Astrophysics Data System}
}

@article{2023Gaia,
   title={GaiaData Release 3: Summary of the content and survey properties},
   volume={674},
   ISSN={1432-0746},
   url={http://dx.doi.org/10.1051/0004-6361/202243940},
   DOI={10.1051/0004-6361/202243940},
   journal={\aap},
   publisher={EDP Sciences},
   author={Vallenari, A. and Brown, A. G. A. and Prusti, T. and de Bruijne, J. H. J. and Arenou, F. and Babusiaux, C. and Biermann, M. and Creevey, O. L. and Ducourant, C. and Evans, D. W. and Eyer, L. and Guerra, R. and Hutton, A. and Jordi, C. and Klioner, S. A. and Lammers, U. L. and Lindegren, L. and Luri, X. and Mignard, F. and Panem, C. and Pourbaix, D. and Randich, S. and Sartoretti, P. and Soubiran, C. and Tanga, P. and Walton, N. A. and Bailer-Jones, C. A. L. and Bastian, U. and Drimmel, R. and Jansen, F. and Katz, D. and Lattanzi, M. G. and van Leeuwen, F. and Bakker, J. and Cacciari, C. and Castañeda, J. and De Angeli, F. and Fabricius, C. and Fouesneau, M. and Frémat, Y. and Galluccio, L. and Guerrier, A. and Heiter, U. and Masana, E. and Messineo, R. and Mowlavi, N. and Nicolas, C. and Nienartowicz, K. and Pailler, F. and Panuzzo, P. and Riclet, F. and Roux, W. and Seabroke, G. M. and Sordo, R. and Thévenin, F. and Gracia-Abril, G. and Portell, J. and Teyssier, D. and Altmann, M. and Andrae, R. and Audard, M. and Bellas-Velidis, I. and Benson, K. and Berthier, J. and Blomme, R. and Burgess, P. W. and Busonero, D. and Busso, G. and Cánovas, H. and Carry, B. and Cellino, A. and Cheek, N. and Clementini, G. and Damerdji, Y. and Davidson, M. and de Teodoro, P. and Nuñez Campos, M. and Delchambre, L. and Dell’Oro, A. and Esquej, P. and Fernández-Hernández, J. and Fraile, E. and Garabato, D. and García-Lario, P. and Gosset, E. and Haigron, R. and Halbwachs, J.-L. and Hambly, N. C. and Harrison, D. L. and Hernández, J. and Hestroffer, D. and Hodgkin, S. T. and Holl, B. and Janßen, K. and Jevardat de Fombelle, G. and Jordan, S. and Krone-Martins, A. and Lanzafame, A. C. and Löffler, W. and Marchal, O. and Marrese, P. M. and Moitinho, A. and Muinonen, K. and Osborne, P. and Pancino, E. and Pauwels, T. and Recio-Blanco, A. and Reylé, C. and Riello, M. and Rimoldini, L. and Roegiers, T. and Rybizki, J. and Sarro, L. M. and Siopis, C. and Smith, M. and Sozzetti, A. and Utrilla, E. and van Leeuwen, M. and Abbas, U. and Ábrahám, P. and Abreu Aramburu, A. and Aerts, C. and Aguado, J. J. and Ajaj, M. and Aldea-Montero, F. and Altavilla, G. and Álvarez, M. A. and Alves, J. and Anders, F. and Anderson, R. I. and Anglada Varela, E. and Antoja, T. and Baines, D. and Baker, S. G. and Balaguer-Núñez, L. and Balbinot, E. and Balog, Z. and Barache, C. and Barbato, D. and Barros, M. and Barstow, M. A. and Bartolomé, S. and Bassilana, J.-L. and Bauchet, N. and Becciani, U. and Bellazzini, M. and Berihuete, A. and Bernet, M. and Bertone, S. and Bianchi, L. and Binnenfeld, A. and Blanco-Cuaresma, S. and Blazere, A. and Boch, T. and Bombrun, A. and Bossini, D. and Bouquillon, S. and Bragaglia, A. and Bramante, L. and Breedt, E. and Bressan, A. and Brouillet, N. and Brugaletta, E. and Bucciarelli, B. and Burlacu, A. and Butkevich, A. G. and Buzzi, R. and Caffau, E. and Cancelliere, R. and Cantat-Gaudin, T. and Carballo, R. and Carlucci, T. and Carnerero, M. I. and Carrasco, J. M. and Casamiquela, L. and Castellani, M. and Castro-Ginard, A. and Chaoul, L. and Charlot, P. and Chemin, L. and Chiaramida, V. and Chiavassa, A. and Chornay, N. and Comoretto, G. and Contursi, G. and Cooper, W. J. and Cornez, T. and Cowell, S. and Crifo, F. and Cropper, M. and Crosta, M. and Crowley, C. and Dafonte, C. and Dapergolas, A. and David, M. and David, P. and de Laverny, P. and De Luise, F. and De March, R. and De Ridder, J. and de Souza, R. and de Torres, A. and del Peloso, E. F. and del Pozo, E. and Delbo, M. and Delgado, A. and Delisle, J.-B. and Demouchy, C. and Dharmawardena, T. E. and Di Matteo, P. and Diakite, S. and Diener, C. and Distefano, E. and Dolding, C. and Edvardsson, B. and Enke, H. and Fabre, C. and Fabrizio, M. and Faigler, S. and Fedorets, G. and Fernique, P. and Fienga, A. and Figueras, F. and Fournier, Y. and Fouron, C. and Fragkoudi, F. and Gai, M. and Garcia-Gutierrez, A. and Garcia-Reinaldos, M. and García-Torres, M. and Garofalo, A. and Gavel, A. and Gavras, P. and Gerlach, E. and Geyer, R. and Giacobbe, P. and Gilmore, G. and Girona, S. and Giuffrida, G. and Gomel, R. and Gomez, A. and González-Núñez, J. and González-Santamaría, I. and González-Vidal, J. J. and Granvik, M. and Guillout, P. and Guiraud, J. and Gutiérrez-Sánchez, R. and Guy, L. P. and Hatzidimitriou, D. and Hauser, M. and Haywood, M. and Helmer, A. and Helmi, A. and Sarmiento, M. H. and Hidalgo, S. L. and Hilger, T. and Hładczuk, N. and Hobbs, D. and Holland, G. and Huckle, H. E. and Jardine, K. and Jasniewicz, G. and Jean-Antoine Piccolo, A. and Jiménez-Arranz, Ó. and Jorissen, A. and Juaristi Campillo, J. and Julbe, F. and Karbevska, L. and Kervella, P. and Khanna, S. and Kontizas, M. and Kordopatis, G. and Korn, A. J. and Kóspál, Á and Kostrzewa-Rutkowska, Z. and Kruszyńska, K. and Kun, M. and Laizeau, P. and Lambert, S. and Lanza, A. F. and Lasne, Y. and Le Campion, J.-F. and Lebreton, Y. and Lebzelter, T. and Leccia, S. and Leclerc, N. and Lecoeur-Taibi, I. and Liao, S. and Licata, E. L. and Lindstrøm, H. E. P. and Lister, T. A. and Livanou, E. and Lobel, A. and Lorca, A. and Loup, C. and Madrero Pardo, P. and Magdaleno Romeo, A. and Managau, S. and Mann, R. G. and Manteiga, M. and Marchant, J. M. and Marconi, M. and Marcos, J. and Marcos Santos, M. M. S. and Marín Pina, D. and Marinoni, S. and Marocco, F. and Marshall, D. J. and Martin Polo, L. and Martín-Fleitas, J. M. and Marton, G. and Mary, N. and Masip, A. and Massari, D. and Mastrobuono-Battisti, A. and Mazeh, T. and McMillan, P. J. and Messina, S. and Michalik, D. and Millar, N. R. and Mints, A. and Molina, D. and Molinaro, R. and Molnár, L. and Monari, G. and Monguió, M. and Montegriffo, P. and Montero, A. and Mor, R. and Mora, A. and Morbidelli, R. and Morel, T. and Morris, D. and Muraveva, T. and Murphy, C. P. and Musella, I. and Nagy, Z. and Noval, L. and Ocaña, F. and Ogden, A. and Ordenovic, C. and Osinde, J. O. and Pagani, C. and Pagano, I. and Palaversa, L. and Palicio, P. A. and Pallas-Quintela, L. and Panahi, A. and Payne-Wardenaar, S. and Peñalosa Esteller, X. and Penttilä, A. and Pichon, B. and Piersimoni, A. M. and Pineau, F.-X. and Plachy, E. and Plum, G. and Poggio, E. and Prša, A. and Pulone, L. and Racero, E. and Ragaini, S. and Rainer, M. and Raiteri, C. M. and Rambaux, N. and Ramos, P. and Ramos-Lerate, M. and Re Fiorentin, P. and Regibo, S. and Richards, P. J. and Rios Diaz, C. and Ripepi, V. and Riva, A. and Rix, H.-W. and Rixon, G. and Robichon, N. and Robin, A. C. and Robin, C. and Roelens, M. and Rogues, H. R. O. and Rohrbasser, L. and Romero-Gómez, M. and Rowell, N. and Royer, F. and Ruz Mieres, D. and Rybicki, K. A. and Sadowski, G. and Sáez Núñez, A. and Sagristà Sellés, A. and Sahlmann, J. and Salguero, E. and Samaras, N. and Sanchez Gimenez, V. and Sanna, N. and Santoveña, R. and Sarasso, M. and Schultheis, M. and Sciacca, E. and Segol, M. and Segovia, J. C. and Ségransan, D. and Semeux, D. and Shahaf, S. and Siddiqui, H. I. and Siebert, A. and Siltala, L. and Silvelo, A. and Slezak, E. and Slezak, I. and Smart, R. L. and Snaith, O. N. and Solano, E. and Solitro, F. and Souami, D. and Souchay, J. and Spagna, A. and Spina, L. and Spoto, F. and Steele, I. A. and Steidelmüller, H. and Stephenson, C. A. and Süveges, M. and Surdej, J. and Szabados, L. and Szegedi-Elek, E. and Taris, F. and Taylor, M. B. and Teixeira, R. and Tolomei, L. and Tonello, N. and Torra, F. and Torra, J. and Torralba Elipe, G. and Trabucchi, M. and Tsounis, A. T. and Turon, C. and Ulla, A. and Unger, N. and Vaillant, M. V. and van Dillen, E. and van Reeven, W. and Vanel, O. and Vecchiato, A. and Viala, Y. and Vicente, D. and Voutsinas, S. and Weiler, M. and Wevers, T. and Wyrzykowski, Ł. and Yoldas, A. and Yvard, P. and Zhao, H. and Zorec, J. and Zucker, S. and Zwitter, T.},
   year={2023},
   month=jun, pages={A1} }

@ARTICLE{2019AJ....157...98G,
   author = {{Ginsburg}, A. and {Sip{\H o}cz}, B.~M. and {Brasseur}, C.~E. and
	{Cowperthwaite}, P.~S. and {Craig}, M.~W. and {Deil}, C. and
	{Guillochon}, J. and {Guzman}, G. and {Liedtke}, S. and {Lian Lim}, P. and
	{Lockhart}, K.~E. and {Mommert}, M. and {Morris}, B.~M. and
	{Norman}, H. and {Parikh}, M. and {Persson}, M.~V. and {Robitaille}, T.~P. and
	{Segovia}, J.-C. and {Singer}, L.~P. and {Tollerud}, E.~J. and
	{de Val-Borro}, M. and {Valtchanov}, I. and {Woillez}, J. and
	{The Astroquery collaboration} and {a subset of the astropy collaboration}
	},
    title = "{astroquery: An Astronomical Web-querying Package in Python}",
  journal = {\aj},
archivePrefix = "arXiv",
   eprint = {1901.04520},
 primaryClass = "astro-ph.IM",
 keywords = {astronomical databases: miscellaneous, virtual observatory tools},
     year = 2019,
    month = mar,
   volume = 157,
      eid = {98},
    pages = {98},
      doi = {10.3847/1538-3881/aafc33},
   adsurl = {https://adsabs.harvard.edu/abs/2019AJ....157...98G},
  adsnote = {Provided by the SAO/NASA Astrophysics Data System}
}

@article{10.1093/mnras/stz3479,
    author = {Borsato, Nicholas W and Martell, Sarah L and Simpson, Jeffrey D},
    title = {Identifying stellar streams in Gaia DR2 with data mining techniques},
    journal = {Monthly Notices of the Royal Astronomical Society},
    volume = {492},
    number = {1},
    pages = {1370-1384},
    year = {2019},
    month = {12},
    abstract = {Streams of stars from captured dwarf galaxies and dissolved globular clusters are identifiable through the similarity of their orbital parameters, a fact that remains true long after the streams have dispersed spatially. We calculate the integrals of motion for 31 234 stars, to a distance of 4 kpc from the Sun, which have full and accurate 6D phase space positions in the Gaia DR2 catalogue. We then apply a novel combination of data mining, numerical, and statistical techniques to search for stellar streams. This process returns five high confidence streams (including one which was previously undiscovered), all of which display tight clustering in the integral of motion space. Colour–magnitude diagrams indicate that these streams are relatively simple, old, metal-poor populations. One of these resolved streams shares very similar kinematics and metallicity characteristics with the Gaia-Enceladus dwarf galaxy remnant, but with a slightly younger age. The success of this project demonstrates the usefulness of data mining techniques in exploring large data sets.},
    issn = {0035-8711},
    doi = {10.1093/mnras/stz3479},
    url = {https://doi.org/10.1093/mnras/stz3479},
    eprint = {https://academic.oup.com/mnras/article-pdf/492/1/1370/31790517/stz3479.pdf},
}

@article{gala,
  doi = {10.21105/joss.00388},
  url = {https://doi.org/10.21105%2Fjoss.00388},
  year = 2017,
  month = {oct},
  publisher = {The Open Journal},
  volume = {2},
  number = {18},
  author = {Adrian M. Price-Whelan},
  title = {Gala: A Python package for galactic dynamics},
  journal = {The Journal of Open Source Software}}

@software{adrian_price_whelan_2020_4159870,
  author       = {Adrian Price-Whelan and
                  Brigitta Sipőcz and
                  Daniel Lenz and
                  Johnny Greco and
                  Nathaniel Starkman and
                  Dan Foreman-Mackey and
                  P. L. Lim and
                  Semyeong Oh and
                  Sergey Koposov and
                  Syrtis Major},
  title        = {adrn/gala: v1.3},
  month        = oct,
  year         = 2020,
  publisher    = {Zenodo},
  version      = {v1.3},
  doi          = {10.5281/zenodo.4159870},
  url          = {https://doi.org/10.5281/zenodo.4159870},
}


@article{astropy:2013,
Adsnote = {Provided by the SAO/NASA Astrophysics Data System},
Adsurl = {http://adsabs.harvard.edu/abs/2013A%26A...558A..33A},
Archiveprefix = {arXiv},
Author = {{Astropy Collaboration} and {Robitaille}, T.~P. and {Tollerud}, E.~J. and {Greenfield}, P. and {Droettboom}, M. and {Bray}, E. and {Aldcroft}, T. and {Davis}, M. and {Ginsburg}, A. and {Price-Whelan}, A.~M. and {Kerzendorf}, W.~E. and {Conley}, A. and {Crighton}, N. and {Barbary}, K. and {Muna}, D. and {Ferguson}, H. and {Grollier}, F. and {Parikh}, M.~M. and {Nair}, P.~H. and {Unther}, H.~M. and {Deil}, C. and {Woillez}, J. and {Conseil}, S. and {Kramer}, R. and {Turner}, J.~E.~H. and {Singer}, L. and {Fox}, R. and {Weaver}, B.~A. and {Zabalza}, V. and {Edwards}, Z.~I. and {Azalee Bostroem}, K. and {Burke}, D.~J. and {Casey}, A.~R. and {Crawford}, S.~M. and {Dencheva}, N. and {Ely}, J. and {Jenness}, T. and {Labrie}, K. and {Lim}, P.~L. and {Pierfederici}, F. and {Pontzen}, A. and {Ptak}, A. and {Refsdal}, B. and {Servillat}, M. and {Streicher}, O.},
Doi = {10.1051/0004-6361/201322068},
Eid = {A33},
Eprint = {1307.6212},
Journal = {\aap},
Keywords = {methods: data analysis, methods: miscellaneous, virtual observatory tools},
Month = oct,
Pages = {A33},
Primaryclass = {astro-ph.IM},
Title = {{Astropy: A community Python package for astronomy}},
Volume = 558,
Year = 2013,
Bdsk-Url-1 = {https://dx.doi.org/10.1051/0004-6361/201322068}}

@ARTICLE{astropy:2018,
       author = {{Astropy Collaboration} and {Price-Whelan}, A.~M. and
         {Sip{\H{o}}cz}, B.~M. and {G{\"u}nther}, H.~M. and {Lim}, P.~L. and
         {Crawford}, S.~M. and {Conseil}, S. and {Shupe}, D.~L. and
         {Craig}, M.~W. and {Dencheva}, N. and {Ginsburg}, A. and {Vand
        erPlas}, J.~T. and {Bradley}, L.~D. and {P{\'e}rez-Su{\'a}rez}, D. and
         {de Val-Borro}, M. and {Aldcroft}, T.~L. and {Cruz}, K.~L. and
         {Robitaille}, T.~P. and {Tollerud}, E.~J. and {Ardelean}, C. and
         {Babej}, T. and {Bach}, Y.~P. and {Bachetti}, M. and {Bakanov}, A.~V. and
         {Bamford}, S.~P. and {Barentsen}, G. and {Barmby}, P. and
         {Baumbach}, A. and {Berry}, K.~L. and {Biscani}, F. and {Boquien}, M. and
         {Bostroem}, K.~A. and {Bouma}, L.~G. and {Brammer}, G.~B. and
         {Bray}, E.~M. and {Breytenbach}, H. and {Buddelmeijer}, H. and
         {Burke}, D.~J. and {Calderone}, G. and {Cano Rodr{\'\i}guez}, J.~L. and
         {Cara}, M. and {Cardoso}, J.~V.~M. and {Cheedella}, S. and {Copin}, Y. and
         {Corrales}, L. and {Crichton}, D. and {D'Avella}, D. and {Deil}, C. and
         {Depagne}, {\'E}. and {Dietrich}, J.~P. and {Donath}, A. and
         {Droettboom}, M. and {Earl}, N. and {Erben}, T. and {Fabbro}, S. and
         {Ferreira}, L.~A. and {Finethy}, T. and {Fox}, R.~T. and
         {Garrison}, L.~H. and {Gibbons}, S.~L.~J. and {Goldstein}, D.~A. and
         {Gommers}, R. and {Greco}, J.~P. and {Greenfield}, P. and
         {Groener}, A.~M. and {Grollier}, F. and {Hagen}, A. and {Hirst}, P. and
         {Homeier}, D. and {Horton}, A.~J. and {Hosseinzadeh}, G. and {Hu}, L. and
         {Hunkeler}, J.~S. and {Ivezi{\'c}}, {\v{Z}}. and {Jain}, A. and
         {Jenness}, T. and {Kanarek}, G. and {Kendrew}, S. and {Kern}, N.~S. and
         {Kerzendorf}, W.~E. and {Khvalko}, A. and {King}, J. and {Kirkby}, D. and
         {Kulkarni}, A.~M. and {Kumar}, A. and {Lee}, A. and {Lenz}, D. and
         {Littlefair}, S.~P. and {Ma}, Z. and {Macleod}, D.~M. and
         {Mastropietro}, M. and {McCully}, C. and {Montagnac}, S. and
         {Morris}, B.~M. and {Mueller}, M. and {Mumford}, S.~J. and {Muna}, D. and
         {Murphy}, N.~A. and {Nelson}, S. and {Nguyen}, G.~H. and
         {Ninan}, J.~P. and {N{\"o}the}, M. and {Ogaz}, S. and {Oh}, S. and
         {Parejko}, J.~K. and {Parley}, N. and {Pascual}, S. and {Patil}, R. and
         {Patil}, A.~A. and {Plunkett}, A.~L. and {Prochaska}, J.~X. and
         {Rastogi}, T. and {Reddy Janga}, V. and {Sabater}, J. and
         {Sakurikar}, P. and {Seifert}, M. and {Sherbert}, L.~E. and
         {Sherwood-Taylor}, H. and {Shih}, A.~Y. and {Sick}, J. and
         {Silbiger}, M.~T. and {Singanamalla}, S. and {Singer}, L.~P. and
         {Sladen}, P.~H. and {Sooley}, K.~A. and {Sornarajah}, S. and
         {Streicher}, O. and {Teuben}, P. and {Thomas}, S.~W. and
         {Tremblay}, G.~R. and {Turner}, J.~E.~H. and {Terr{\'o}n}, V. and
         {van Kerkwijk}, M.~H. and {de la Vega}, A. and {Watkins}, L.~L. and
         {Weaver}, B.~A. and {Whitmore}, J.~B. and {Woillez}, J. and
         {Zabalza}, V. and {Astropy Contributors}},
        title = "{The Astropy Project: Building an Open-science Project and Status of the v2.0 Core Package}",
      journal = {\aj},
     keywords = {methods: data analysis, methods: miscellaneous, methods: statistical, reference systems, Astrophysics - Instrumentation and Methods for Astrophysics},
         year = 2018,
        month = sep,
       volume = {156},
       number = {3},
          eid = {123},
        pages = {123},
          doi = {10.3847/1538-3881/aabc4f},
archivePrefix = {arXiv},
       eprint = {1801.02634},
 primaryClass = {astro-ph.IM},
       adsurl = {https://ui.adsabs.harvard.edu/abs/2018AJ....156..123A},
      adsnote = {Provided by the SAO/NASA Astrophysics Data System}
}

@ARTICLE{astropy:2022,
       author = {{Astropy Collaboration} and {Price-Whelan}, Adrian M. and {Lim}, Pey Lian and {Earl}, Nicholas and {Starkman}, Nathaniel and {Bradley}, Larry and {Shupe}, David L. and {Patil}, Aarya A. and {Corrales}, Lia and {Brasseur}, C.~E. and {N{"o}the}, Maximilian and {Donath}, Axel and {Tollerud}, Erik and {Morris}, Brett M. and {Ginsburg}, Adam and {Vaher}, Eero and {Weaver}, Benjamin A. and {Tocknell}, James and {Jamieson}, William and {van Kerkwijk}, Marten H. and {Robitaille}, Thomas P. and {Merry}, Bruce and {Bachetti}, Matteo and {G{"u}nther}, H. Moritz and {Aldcroft}, Thomas L. and {Alvarado-Montes}, Jaime A. and {Archibald}, Anne M. and {B{'o}di}, Attila and {Bapat}, Shreyas and {Barentsen}, Geert and {Baz{'a}n}, Juanjo and {Biswas}, Manish and {Boquien}, M{'e}d{'e}ric and {Burke}, D.~J. and {Cara}, Daria and {Cara}, Mihai and {Conroy}, Kyle E. and {Conseil}, Simon and {Craig}, Matthew W. and {Cross}, Robert M. and {Cruz}, Kelle L. and {D'Eugenio}, Francesco and {Dencheva}, Nadia and {Devillepoix}, Hadrien A.~R. and {Dietrich}, J{"o}rg P. and {Eigenbrot}, Arthur Davis and {Erben}, Thomas and {Ferreira}, Leonardo and {Foreman-Mackey}, Daniel and {Fox}, Ryan and {Freij}, Nabil and {Garg}, Suyog and {Geda}, Robel and {Glattly}, Lauren and {Gondhalekar}, Yash and {Gordon}, Karl D. and {Grant}, David and {Greenfield}, Perry and {Groener}, Austen M. and {Guest}, Steve and {Gurovich}, Sebastian and {Handberg}, Rasmus and {Hart}, Akeem and {Hatfield-Dodds}, Zac and {Homeier}, Derek and {Hosseinzadeh}, Griffin and {Jenness}, Tim and {Jones}, Craig K. and {Joseph}, Prajwel and {Kalmbach}, J. Bryce and {Karamehmetoglu}, Emir and {Ka{l}uszy{'n}ski}, Miko{l}aj and {Kelley}, Michael S.~P. and {Kern}, Nicholas and {Kerzendorf}, Wolfgang E. and {Koch}, Eric W. and {Kulumani}, Shankar and {Lee}, Antony and {Ly}, Chun and {Ma}, Zhiyuan and {MacBride}, Conor and {Maljaars}, Jakob M. and {Muna}, Demitri and {Murphy}, N.~A. and {Norman}, Henrik and {O'Steen}, Richard and {Oman}, Kyle A. and {Pacifici}, Camilla and {Pascual}, Sergio and {Pascual-Granado}, J. and {Patil}, Rohit R. and {Perren}, Gabriel I. and {Pickering}, Timothy E. and {Rastogi}, Tanuj and {Roulston}, Benjamin R. and {Ryan}, Daniel F. and {Rykoff}, Eli S. and {Sabater}, Jose and {Sakurikar}, Parikshit and {Salgado}, Jes{'u}s and {Sanghi}, Aniket and {Saunders}, Nicholas and {Savchenko}, Volodymyr and {Schwardt}, Ludwig and {Seifert-Eckert}, Michael and {Shih}, Albert Y. and {Jain}, Anany Shrey and {Shukla}, Gyanendra and {Sick}, Jonathan and {Simpson}, Chris and {Singanamalla}, Sudheesh and {Singer}, Leo P. and {Singhal}, Jaladh and {Sinha}, Manodeep and {Sip{H{o}}cz}, Brigitta M. and {Spitler}, Lee R. and {Stansby}, David and {Streicher}, Ole and {{{S}}umak}, Jani and {Swinbank}, John D. and {Taranu}, Dan S. and {Tewary}, Nikita and {Tremblay}, Grant R. and {Val-Borro}, Miguel de and {Van Kooten}, Samuel J. and {Vasovi{'c}}, Zlatan and {Verma}, Shresth and {de Miranda Cardoso}, Jos{'e} Vin{'i}cius and {Williams}, Peter K.~G. and {Wilson}, Tom J. and {Winkel}, Benjamin and {Wood-Vasey}, W.~M. and {Xue}, Rui and {Yoachim}, Peter and {Zhang}, Chen and {Zonca}, Andrea and {Astropy Project Contributors}},
        title = "{The Astropy Project: Sustaining and Growing a Community-oriented Open-source Project and the Latest Major Release (v5.0) of the Core Package}",
      journal = {\apj},
     keywords = {Astronomy software, Open source software, Astronomy data analysis, 1855, 1866, 1858, Astrophysics - Instrumentation and Methods for Astrophysics},
         year = 2022,
        month = aug,
       volume = {935},
       number = {2},
          eid = {167},
        pages = {167},
          doi = {10.3847/1538-4357/ac7c74},
archivePrefix = {arXiv},
       eprint = {2206.14220},
 primaryClass = {astro-ph.IM},
       adsurl = {https://ui.adsabs.harvard.edu/abs/2022ApJ...935..167A},
      adsnote = {Provided by the SAO/NASA Astrophysics Data System}
}

@ARTICLE{2023A&A...679A.109C,
       author = {{Carretero-Castrillo}, M. and {Rib{\'o}}, M. and {Paredes}, J.~M.},
        title = "{Galactic runaway O and Be stars found using Gaia DR3}",
      journal = {\aap},
     keywords = {catalogs, stars: early-type, stars: emission-line, Be, stars: kinematics and dynamics, X-rays: binaries, gamma rays: stars, Astrophysics - Solar and Stellar Astrophysics, Astrophysics - Astrophysics of Galaxies, Astrophysics - High Energy Astrophysical Phenomena},
         year = 2023,
        month = nov,
       volume = {679},
          eid = {A109},
        pages = {A109},
          doi = {10.1051/0004-6361/202346613},
archivePrefix = {arXiv},
       eprint = {2311.01827},
 primaryClass = {astro-ph.SR},
       adsurl = {https://ui.adsabs.harvard.edu/abs/2023A&A...679A.109C},
      adsnote = {Provided by the SAO/NASA Astrophysics Data System}
}

@article{Green2018, doi = {10.21105/joss.00695}, url = {https://doi.org/10.21105/joss.00695}, year = {2018}, publisher = {The Open Journal}, volume = {3}, number = {26}, pages = {695}, author = {Gregory M. Green}, title = {dustmaps: A Python interface for maps of interstellar dust}, journal = {Journal of Open Source Software} } 

@article{scikit-learn,
  title={Scikit-learn: Machine Learning in {P}ython},
  author={Pedregosa, F. and Varoquaux, G. and Gramfort, A. and Michel, V.
          and Thirion, B. and Grisel, O. and Blondel, M. and Prettenhofer, P.
          and Weiss, R. and Dubourg, V. and Vanderplas, J. and Passos, A. and
          Cournapeau, D. and Brucher, M. and Perrot, M. and Duchesnay, E.},
  journal={Journal of Machine Learning Research},
  volume={12},
  pages={2825--2830},
  year={2011}
}

@ARTICLE{2020ApJ...893...47D,
       author = {{Drlica-Wagner}, A. and {Bechtol}, K. and {Mau}, S. and {McNanna}, M. and {Nadler}, E.~O. and {Pace}, A.~B. and {Li}, T.~S. and {Pieres}, A. and {Rozo}, E. and {Simon}, J.~D. and {Walker}, A.~R. and {Wechsler}, R.~H. and {Abbott}, T.~M.~C. and {Allam}, S. and {Annis}, J. and {Bertin}, E. and {Brooks}, D. and {Burke}, D.~L. and {Rosell}, A. Carnero and {Carrasco Kind}, M. and {Carretero}, J. and {Costanzi}, M. and {da Costa}, L.~N. and {De Vicente}, J. and {Desai}, S. and {Diehl}, H.~T. and {Doel}, P. and {Eifler}, T.~F. and {Everett}, S. and {Flaugher}, B. and {Frieman}, J. and {Garc{\'\i}a-Bellido}, J. and {Gaztanaga}, E. and {Gruen}, D. and {Gruendl}, R.~A. and {Gschwend}, J. and {Gutierrez}, G. and {Honscheid}, K. and {James}, D.~J. and {Krause}, E. and {Kuehn}, K. and {Kuropatkin}, N. and {Lahav}, O. and {Maia}, M.~A.~G. and {Marshall}, J.~L. and {Melchior}, P. and {Menanteau}, F. and {Miquel}, R. and {Palmese}, A. and {Plazas}, A.~A. and {Sanchez}, E. and {Scarpine}, V. and {Schubnell}, M. and {Serrano}, S. and {Sevilla-Noarbe}, I. and {Smith}, M. and {Suchyta}, E. and {Tarle}, G. and {DES Collaboration}},
        title = "{Milky Way Satellite Census. I. The Observational Selection Function for Milky Way Satellites in DES Y3 and Pan-STARRS DR1}",
      journal = {\apj},
     keywords = {Dwarf spheroidal galaxies, Local Group, Dark matter, Milky Way Galaxy, 420, 929, 353, 1054, Astrophysics - Astrophysics of Galaxies, Astrophysics - Cosmology and Nongalactic Astrophysics},
         year = 2020,
        month = apr,
       volume = {893},
       number = {1},
          eid = {47},
        pages = {47},
          doi = {10.3847/1538-4357/ab7eb9},
archivePrefix = {arXiv},
       eprint = {1912.03302},
 primaryClass = {astro-ph.GA},
       adsurl = {https://ui.adsabs.harvard.edu/abs/2020ApJ...893...47D},
      adsnote = {Provided by the SAO/NASA Astrophysics Data System}
}


@article{Koppelman_2018,
   title={One Large Blob and Many Streams Frosting the nearby Stellar Halo in Gaia DR2},
   volume={860},
   ISSN={2041-8213},
   url={http://dx.doi.org/10.3847/2041-8213/aac882},
   DOI={10.3847/2041-8213/aac882},
   number={1},
   journal={The Astrophysical Journal Letters},
   publisher={American Astronomical Society},
   author={Koppelman, Helmer and Helmi, Amina and Veljanoski, Jovan},
   year={2018},
   month=jun, pages={L11} 
}

@misc{harris2010newcatalogglobularclusters,
title={A New Catalog of Globular Clusters in the Milky Way}, 
author={William E. Harris},
year={2010},
eprint={1012.3224},
archivePrefix={arXiv},
primaryClass={astro-ph.GA},
url={https://arxiv.org/abs/1012.3224}, 
}

@ARTICLE{2017AJ....154...28B,
       author = {{Blanton}, Michael R. and {Bershady}, Matthew A. and {Abolfathi}, Bela and {Albareti}, Franco D. and {Allende Prieto}, Carlos and {Almeida}, Andres and {Alonso-Garc{\'\i}a}, Javier and {Anders}, Friedrich and {Anderson}, Scott F. and {Andrews}, Brett and {Aquino-Ort{\'\i}z}, Erik and {Arag{\'o}n-Salamanca}, Alfonso and {Argudo-Fern{\'a}ndez}, Maria and {Armengaud}, Eric and {Aubourg}, Eric and {Avila-Reese}, Vladimir and {Badenes}, Carles and {Bailey}, Stephen and {Barger}, Kathleen A. and {Barrera-Ballesteros}, Jorge and {Bartosz}, Curtis and {Bates}, Dominic and {Baumgarten}, Falk and {Bautista}, Julian and {Beaton}, Rachael and {Beers}, Timothy C. and {Belfiore}, Francesco and {Bender}, Chad F. and {Berlind}, Andreas A. and {Bernardi}, Mariangela and {Beutler}, Florian and {Bird}, Jonathan C. and {Bizyaev}, Dmitry and {Blanc}, Guillermo A. and {Blomqvist}, Michael and {Bolton}, Adam S. and {Boquien}, M{\'e}d{\'e}ric and {Borissova}, Jura and {van den Bosch}, Remco and {Bovy}, Jo and {Brandt}, William N. and {Brinkmann}, Jonathan and {Brownstein}, Joel R. and {Bundy}, Kevin and {Burgasser}, Adam J. and {Burtin}, Etienne and {Busca}, Nicol{\'a}s G. and {Cappellari}, Michele and {Delgado Carigi}, Maria Leticia and {Carlberg}, Joleen K. and {Carnero Rosell}, Aurelio and {Carrera}, Ricardo and {Chanover}, Nancy J. and {Cherinka}, Brian and {Cheung}, Edmond and {G{\'o}mez Maqueo Chew}, Yilen and {Chiappini}, Cristina and {Choi}, Peter Doohyun and {Chojnowski}, Drew and {Chuang}, Chia-Hsun and {Chung}, Haeun and {Cirolini}, Rafael Fernando and {Clerc}, Nicolas and {Cohen}, Roger E. and {Comparat}, Johan and {da Costa}, Luiz and {Cousinou}, Marie-Claude and {Covey}, Kevin and {Crane}, Jeffrey D. and {Croft}, Rupert A.~C. and {Cruz-Gonzalez}, Irene and {Garrido Cuadra}, Daniel and {Cunha}, Katia and {Damke}, Guillermo J. and {Darling}, Jeremy and {Davies}, Roger and {Dawson}, Kyle and {de la Macorra}, Axel and {Dell'Agli}, Flavia and {De Lee}, Nathan and {Delubac}, Timoth{\'e}e and {Di Mille}, Francesco and {Diamond-Stanic}, Aleks and {Cano-D{\'\i}az}, Mariana and {Donor}, John and {Downes}, Juan Jos{\'e} and {Drory}, Niv and {du Mas des Bourboux}, H{\'e}lion and {Duckworth}, Christopher J. and {Dwelly}, Tom and {Dyer}, Jamie and {Ebelke}, Garrett and {Eigenbrot}, Arthur D. and {Eisenstein}, Daniel J. and {Emsellem}, Eric and {Eracleous}, Mike and {Escoffier}, Stephanie and {Evans}, Michael L. and {Fan}, Xiaohui and {Fern{\'a}ndez-Alvar}, Emma and {Fernandez-Trincado}, J.~G. and {Feuillet}, Diane K. and {Finoguenov}, Alexis and {Fleming}, Scott W. and {Font-Ribera}, Andreu and {Fredrickson}, Alexander and {Freischlad}, Gordon and {Frinchaboy}, Peter M. and {Fuentes}, Carla E. and {Galbany}, Llu{\'\i}s and {Garcia-Dias}, R. and {Garc{\'\i}a-Hern{\'a}ndez}, D.~A. and {Gaulme}, Patrick and {Geisler}, Doug and {Gelfand}, Joseph D. and {Gil-Mar{\'\i}n}, H{\'e}ctor and {Gillespie}, Bruce A. and {Goddard}, Daniel and {Gonzalez-Perez}, Violeta and {Grabowski}, Kathleen and {Green}, Paul J. and {Grier}, Catherine J. and {Gunn}, James E. and {Guo}, Hong and {Guy}, Julien and {Hagen}, Alex and {Hahn}, ChangHoon and {Hall}, Matthew and {Harding}, Paul and {Hasselquist}, Sten and {Hawley}, Suzanne L. and {Hearty}, Fred and {Gonzalez Hern{\'a}ndez}, Jonay I. and {Ho}, Shirley and {Hogg}, David W. and {Holley-Bockelmann}, Kelly and {Holtzman}, Jon A. and {Holzer}, Parker H. and {Huehnerhoff}, Joseph and {Hutchinson}, Timothy A. and {Hwang}, Ho Seong and {Ibarra-Medel}, H{\'e}ctor J. and {da Silva Ilha}, Gabriele and {Ivans}, Inese I. and {Ivory}, KeShawn and {Jackson}, Kelly and {Jensen}, Trey W. and {Johnson}, Jennifer A. and {Jones}, Amy and {J{\"o}nsson}, Henrik and {Jullo}, Eric and {Kamble}, Vikrant and {Kinemuchi}, Karen and {Kirkby}, David and {Kitaura}, Francisco-Shu and {Klaene}, Mark and {Knapp}, Gillian R. and {Kneib}, Jean-Paul and {Kollmeier}, Juna A. and {Lacerna}, Ivan and {Lane}, Richard R. and {Lang}, Dustin and {Law}, David R. and {Lazarz}, Daniel and {Lee}, Youngbae and {Le Goff}, Jean-Marc and {Liang}, Fu-Heng and {Li}, Cheng and {Li}, Hongyu and {Lian}, Jianhui and {Lima}, Marcos and {Lin}, Lihwai and {Lin}, Yen-Ting and {Bertran de Lis}, Sara and {Liu}, Chao and {de Icaza Lizaola}, Miguel Angel C. and {Long}, Dan and {Lucatello}, Sara and {Lundgren}, Britt and {MacDonald}, Nicholas K. and {Deconto Machado}, Alice and {MacLeod}, Chelsea L. and {Mahadevan}, Suvrath and {Geimba Maia}, Marcio Antonio and {Maiolino}, Roberto and {Majewski}, Steven R. and {Malanushenko}, Elena and {Malanushenko}, Viktor and {Manchado}, Arturo and {Mao}, Shude and {Maraston}, Claudia and {Marques-Chaves}, Rui and {Masseron}, Thomas and {Masters}, Karen L. and {McBride}, Cameron K. and {McDermid}, Richard M. and {McGrath}, Brianne and {McGreer}, Ian D. and {Medina Pe{\~n}a}, Nicol{\'a}s and {Melendez}, Matthew and {Merloni}, Andrea and {Merrifield}, Michael R. and {Meszaros}, Szabolcs and {Meza}, Andres and {Minchev}, Ivan and {Minniti}, Dante and {Miyaji}, Takamitsu and {More}, Surhud and {Mulchaey}, John and {M{\"u}ller-S{\'a}nchez}, Francisco and {Muna}, Demitri and {Munoz}, Ricardo R. and {Myers}, Adam D. and {Nair}, Preethi and {Nandra}, Kirpal and {Correa do Nascimento}, Janaina and {Negrete}, Alenka and {Ness}, Melissa and {Newman}, Jeffrey A. and {Nichol}, Robert C. and {Nidever}, David L. and {Nitschelm}, Christian and {Ntelis}, Pierros and {O'Connell}, Julia E. and {Oelkers}, Ryan J. and {Oravetz}, Audrey and {Oravetz}, Daniel and {Pace}, Zach and {Padilla}, Nelson and {Palanque-Delabrouille}, Nathalie and {Alonso Palicio}, Pedro and {Pan}, Kaike and {Parejko}, John K. and {Parikh}, Taniya and {P{\^a}ris}, Isabelle and {Park}, Changbom and {Patten}, Alim Y. and {Peirani}, Sebastien and {Pellejero-Ibanez}, Marcos and {Penny}, Samantha and {Percival}, Will J. and {Perez-Fournon}, Ismael and {Petitjean}, Patrick and {Pieri}, Matthew M. and {Pinsonneault}, Marc and {Pisani}, Alice and {Poleski}, Rados{\l}aw and {Prada}, Francisco and {Prakash}, Abhishek and {Queiroz}, Anna B{\'a}rbara de Andrade and {Raddick}, M. Jordan and {Raichoor}, Anand and {Barboza Rembold}, Sandro and {Richstein}, Hannah and {Riffel}, Rogemar A. and {Riffel}, Rog{\'e}rio and {Rix}, Hans-Walter and {Robin}, Annie C. and {Rockosi}, Constance M. and {Rodr{\'\i}guez-Torres}, Sergio and {Roman-Lopes}, A. and {Rom{\'a}n-Z{\'u}{\~n}iga}, Carlos and {Rosado}, Margarita and {Ross}, Ashley J. and {Rossi}, Graziano and {Ruan}, John and {Ruggeri}, Rossana and {Rykoff}, Eli S. and {Salazar-Albornoz}, Salvador and {Salvato}, Mara and {S{\'a}nchez}, Ariel G. and {Aguado}, D.~S. and {S{\'a}nchez-Gallego}, Jos{\'e} R. and {Santana}, Felipe A. and {Santiago}, Bas{\'\i}lio Xavier and {Sayres}, Conor and {Schiavon}, Ricardo P. and {da Silva Schimoia}, Jaderson and {Schlafly}, Edward F. and {Schlegel}, David J. and {Schneider}, Donald P. and {Schultheis}, Mathias and {Schuster}, William J. and {Schwope}, Axel and {Seo}, Hee-Jong and {Shao}, Zhengyi and {Shen}, Shiyin and {Shetrone}, Matthew and {Shull}, Michael and {Simon}, Joshua D. and {Skinner}, Danielle and {Skrutskie}, M.~F. and {Slosar}, An{\v{z}}e and {Smith}, Verne V. and {Sobeck}, Jennifer S. and {Sobreira}, Flavia and {Somers}, Garrett and {Souto}, Diogo and {Stark}, David V. and {Stassun}, Keivan and {Stauffer}, Fritz and {Steinmetz}, Matthias and {Storchi-Bergmann}, Thaisa and {Streblyanska}, Alina and {Stringfellow}, Guy S. and {Su{\'a}rez}, Genaro and {Sun}, Jing and {Suzuki}, Nao and {Szigeti}, Laszlo and {Taghizadeh-Popp}, Manuchehr and {Tang}, Baitian and {Tao}, Charling and {Tayar}, Jamie and {Tembe}, Mita and {Teske}, Johanna and {Thakar}, Aniruddha R. and {Thomas}, Daniel and {Thompson}, Benjamin A. and {Tinker}, Jeremy L. and {Tissera}, Patricia and {Tojeiro}, Rita and {Hernandez Toledo}, Hector and {de la Torre}, Sylvain and {Tremonti}, Christy and {Troup}, Nicholas W. and {Valenzuela}, Octavio and {Martinez Valpuesta}, Inma and {Vargas-Gonz{\'a}lez}, Jaime and {Vargas-Maga{\~n}a}, Mariana and {Vazquez}, Jose Alberto and {Villanova}, Sandro and {Vivek}, M. and {Vogt}, Nicole and {Wake}, David and {Walterbos}, Rene and {Wang}, Yuting and {Weaver}, Benjamin Alan and {Weijmans}, Anne-Marie and {Weinberg}, David H. and {Westfall}, Kyle B. and {Whelan}, David G. and {Wild}, Vivienne and {Wilson}, John and {Wood-Vasey}, W.~M. and {Wylezalek}, Dominika and {Xiao}, Ting and {Yan}, Renbin and {Yang}, Meng and {Ybarra}, Jason E. and {Y{\`e}che}, Christophe and {Zakamska}, Nadia and {Zamora}, Olga and {Zarrouk}, Pauline and {Zasowski}, Gail and {Zhang}, Kai and {Zhao}, Gong-Bo and {Zheng}, Zheng and {Zheng}, Zheng and {Zhou}, Xu and {Zhou}, Zhi-Min and {Zhu}, Guangtun B. and {Zoccali}, Manuela and {Zou}, Hu},
        title = "{Sloan Digital Sky Survey IV: Mapping the Milky Way, Nearby Galaxies, and the Distant Universe}",
      journal = {\aj},
     keywords = {cosmology: observations, galaxies: general, Galaxy: general, instrumentation: spectrographs, stars: general, surveys, Astrophysics - Astrophysics of Galaxies},
         year = 2017,
        month = jul,
       volume = {154},
       number = {1},
          eid = {28},
        pages = {28},
          doi = {10.3847/1538-3881/aa7567},
archivePrefix = {arXiv},
       eprint = {1703.00052},
 primaryClass = {astro-ph.GA},
       adsurl = {https://ui.adsabs.harvard.edu/abs/2017AJ....154...28B},
      adsnote = {Provided by the SAO/NASA Astrophysics Data System}
}

@ARTICLE{2015ApJ...798....7B,
   author = {{Bundy}, K. and {Bershady}, M.~A. and {Law}, D.~R. and {Yan}, R. and 
	{Drory}, N. and {MacDonald}, N. and {Wake}, D.~A. and {Cherinka}, B. and 
	{S{\'a}nchez-Gallego}, J.~R. and {Weijmans}, A.-M. and {Thomas}, D. and 
	{Tremonti}, C. and {Masters}, K. and {Coccato}, L. and {Diamond-Stanic}, A.~M. and 
	{Arag{\'o}n-Salamanca}, A. and {Avila-Reese}, V. and {Badenes}, C. and 
	{Falc{\'o}n-Barroso}, J. and {Belfiore}, F. and {Bizyaev}, D. and 
	{Blanc}, G.~A. and {Bland-Hawthorn}, J. and {Blanton}, M.~R. and 
	{Brownstein}, J.~R. and {Byler}, N. and {Cappellari}, M. and 
	{Conroy}, C. and {Dutton}, A.~A. and {Emsellem}, E. and {Etherington}, J. and 
	{Frinchaboy}, P.~M. and {Fu}, H. and {Gunn}, J.~E. and {Harding}, P. and 
	{Johnston}, E.~J. and {Kauffmann}, G. and {Kinemuchi}, K. and 
	{Klaene}, M.~A. and {Knapen}, J.~H. and {Leauthaud}, A. and 
	{Li}, C. and {Lin}, L. and {Maiolino}, R. and {Malanushenko}, V. and 
	{Malanushenko}, E. and {Mao}, S. and {Maraston}, C. and {McDermid}, R.~M. and 
	{Merrifield}, M.~R. and {Nichol}, R.~C. and {Oravetz}, D. and 
	{Pan}, K. and {Parejko}, J.~K. and {Sanchez}, S.~F. and {Schlegel}, D. and 
	{Simmons}, A. and {Steele}, O. and {Steinmetz}, M. and {Thanjavur}, K. and 
	{Thompson}, B.~A. and {Tinker}, J.~L. and {van den Bosch}, R.~C.~E. and 
	{Westfall}, K.~B. and {Wilkinson}, D. and {Wright}, S. and {Xiao}, T. and 
	{Zhang}, K.},
    title = "{Overview of the SDSS-IV MaNGA Survey: Mapping nearby Galaxies at Apache Point Observatory}",
  journal = {\apj},
archivePrefix = "arXiv",
   eprint = {1412.1482},
 keywords = {galaxies: evolution, galaxies: general, surveys, techniques: imaging spectroscopy},
     year = 2015,
    month = jan,
   volume = 798,
      eid = {7},
    pages = {7},
      doi = {10.1088/0004-637X/798/1/7},
   adsurl = {http://adsabs.harvard.edu/abs/2015ApJ...798....7B},
  adsnote = {Provided by the SAO/NASA Astrophysics Data System}
}

@ARTICLE{2016AJ....151...44D,
   author = {{Dawson}, K.~S. and {Kneib}, J.-P. and {Percival}, W.~J. and 
	{Alam}, S. and {Albareti}, F.~D. and {Anderson}, S.~F. and {Armengaud}, E. and 
	{Aubourg}, {\'E}. and {Bailey}, S. and {Bautista}, J.~E. and 
	{Berlind}, A.~A. and {Bershady}, M.~A. and {Beutler}, F. and 
	{Bizyaev}, D. and {Blanton}, M.~R. and {Blomqvist}, M. and {Bolton}, A.~S. and 
	{Bovy}, J. and {Brandt}, W.~N. and {Brinkmann}, J. and {Brownstein}, J.~R. and 
	{Burtin}, E. and {Busca}, N.~G. and {Cai}, Z. and {Chuang}, C.-H. and 
	{Clerc}, N. and {Comparat}, J. and {Cope}, F. and {Croft}, R.~A.~C. and 
	{Cruz-Gonzalez}, I. and {da Costa}, L.~N. and {Cousinou}, M.-C. and 
	{Darling}, J. and {de la Macorra}, A. and {de la Torre}, S. and 
	{Delubac}, T. and {du Mas des Bourboux}, H. and {Dwelly}, T. and 
	{Ealet}, A. and {Eisenstein}, D.~J. and {Eracleous}, M. and 
	{Escoffier}, S. and {Fan}, X. and {Finoguenov}, A. and {Font-Ribera}, A. and 
	{Frinchaboy}, P. and {Gaulme}, P. and {Georgakakis}, A. and 
	{Green}, P. and {Guo}, H. and {Guy}, J. and {Ho}, S. and {Holder}, D. and 
	{Huehnerhoff}, J. and {Hutchinson}, T. and {Jing}, Y. and {Jullo}, E. and 
	{Kamble}, V. and {Kinemuchi}, K. and {Kirkby}, D. and {Kitaura}, F.-S. and 
	{Klaene}, M.~A. and {Laher}, R.~R. and {Lang}, D. and {Laurent}, P. and 
	{Le Goff}, J.-M. and {Li}, C. and {Liang}, Y. and {Lima}, M. and 
	{Lin}, Q. and {Lin}, W. and {Lin}, Y.-T. and {Long}, D.~C. and 
	{Lundgren}, B. and {MacDonald}, N. and {Geimba Maia}, M.~A. and 
	{Malanushenko}, E. and {Malanushenko}, V. and {Mariappan}, V. and 
	{McBride}, C.~K. and {McGreer}, I.~D. and {M{\'e}nard}, B. and 
	{Merloni}, A. and {Meza}, A. and {Montero-Dorta}, A.~D. and 
	{Muna}, D. and {Myers}, A.~D. and {Nandra}, K. and {Naugle}, T. and 
	{Newman}, J.~A. and {Noterdaeme}, P. and {Nugent}, P. and {Ogando}, R. and 
	{Olmstead}, M.~D. and {Oravetz}, A. and {Oravetz}, D.~J. and 
	{Padmanabhan}, N. and {Palanque-Delabrouille}, N. and {Pan}, K. and 
	{Parejko}, J.~K. and {P{\^a}ris}, I. and {Peacock}, J.~A. and 
	{Petitjean}, P. and {Pieri}, M.~M. and {Pisani}, A. and {Prada}, F. and 
	{Prakash}, A. and {Raichoor}, A. and {Reid}, B. and {Rich}, J. and 
	{Ridl}, J. and {Rodriguez-Torres}, S. and {Carnero Rosell}, A. and 
	{Ross}, A.~J. and {Rossi}, G. and {Ruan}, J. and {Salvato}, M. and 
	{Sayres}, C. and {Schneider}, D.~P. and {Schlegel}, D.~J. and 
	{Seljak}, U. and {Seo}, H.-J. and {Sesar}, B. and {Shandera}, S. and 
	{Shu}, Y. and {Slosar}, A. and {Sobreira}, F. and {Streblyanska}, A. and 
	{Suzuki}, N. and {Taylor}, D. and {Tao}, C. and {Tinker}, J.~L. and 
	{Tojeiro}, R. and {Vargas-Maga{\~n}a}, M. and {Wang}, Y. and 
	{Weaver}, B.~A. and {Weinberg}, D.~H. and {White}, M. and {Wood-Vasey}, W.~M. and 
	{Yeche}, C. and {Zhai}, Z. and {Zhao}, C. and {Zhao}, G.-b. and 
	{Zheng}, Z. and {Ben Zhu}, G. and {Zou}, H.},
    title = "{The SDSS-IV Extended Baryon Oscillation Spectroscopic Survey: Overview and Early Data}",
  journal = {\aj},
archivePrefix = "arXiv",
   eprint = {1508.04473},
 keywords = {cosmology: observations, surveys},
     year = 2016,
    month = feb,
   volume = 151,
      eid = {44},
    pages = {44},
      doi = {10.3847/0004-6256/151/2/44},
   adsurl = {http://adsabs.harvard.edu/abs/2016AJ....151...44D},
  adsnote = {Provided by the SAO/NASA Astrophysics Data System}
}

@ARTICLE{2017AJ....154...94M,
   author = {{Majewski}, S.~R. and {Schiavon}, R.~P. and {Frinchaboy}, P.~M. and 
	{Allende Prieto}, C. and {Barkhouser}, R. and {Bizyaev}, D. and 
	{Blank}, B. and {Brunner}, S. and {Burton}, A. and {Carrera}, R. and 
	{Chojnowski}, S.~D. and {Cunha}, K. and {Epstein}, C. and {Fitzgerald}, G. and 
	{Garc{\'{\i}}a P{\'e}rez}, A.~E. and {Hearty}, F.~R. and {Henderson}, C. and 
	{Holtzman}, J.~A. and {Johnson}, J.~A. and {Lam}, C.~R. and 
	{Lawler}, J.~E. and {Maseman}, P. and {M{\'e}sz{\'a}ros}, S. and 
	{Nelson}, M. and {Nguyen}, D.~C. and {Nidever}, D.~L. and {Pinsonneault}, M. and 
	{Shetrone}, M. and {Smee}, S. and {Smith}, V.~V. and {Stolberg}, T. and 
	{Skrutskie}, M.~F. and {Walker}, E. and {Wilson}, J.~C. and 
	{Zasowski}, G. and {Anders}, F. and {Basu}, S. and {Beland}, S. and 
	{Blanton}, M.~R. and {Bovy}, J. and {Brownstein}, J.~R. and 
	{Carlberg}, J. and {Chaplin}, W. and {Chiappini}, C. and {Eisenstein}, D.~J. and 
	{Elsworth}, Y. and {Feuillet}, D. and {Fleming}, S.~W. and {Galbraith-Frew}, J. and 
	{Garc{\'{\i}}a}, R.~A. and {Garc{\'{\i}}a-Hern{\'a}ndez}, D.~A. and 
	{Gillespie}, B.~A. and {Girardi}, L. and {Gunn}, J.~E. and {Hasselquist}, S. and 
	{Hayden}, M.~R. and {Hekker}, S. and {Ivans}, I. and {Kinemuchi}, K. and 
	{Klaene}, M. and {Mahadevan}, S. and {Mathur}, S. and {Mosser}, B. and 
	{Muna}, D. and {Munn}, J.~A. and {Nichol}, R.~C. and {O'Connell}, R.~W. and 
	{Parejko}, J.~K. and {Robin}, A.~C. and {Rocha-Pinto}, H. and 
	{Schultheis}, M. and {Serenelli}, A.~M. and {Shane}, N. and 
	{Silva Aguirre}, V. and {Sobeck}, J.~S. and {Thompson}, B. and 
	{Troup}, N.~W. and {Weinberg}, D.~H. and {Zamora}, O.},
    title = "{The Apache Point Observatory Galactic Evolution Experiment (APOGEE)}",
  journal = {\aj},
archivePrefix = "arXiv",
   eprint = {1509.05420},
 primaryClass = "astro-ph.IM",
 keywords = {Galaxy: abundances, Galaxy: evolution, Galaxy: formation, Galaxy: kinematics and dynamics, Galaxy: stellar content, Galaxy: structure},
     year = 2017,
    month = sep,
   volume = 154,
      eid = {94},
    pages = {94},
      doi = {10.3847/1538-3881/aa784d},
   adsurl = {http://adsabs.harvard.edu/abs/2017AJ....154...94M},
  adsnote = {Provided by the SAO/NASA Astrophysics Data System}
}

@ARTICLE{2019ApJ...883..175Y,
       author = {{Yan}, Renbin and {Chen}, Yanping and {Lazarz}, Daniel and {Bizyaev}, Dmitry and {Maraston}, Claudia and {Stringfellow}, Guy S. and {McCarthy}, Kyle and {Meneses-Goytia}, Sofia and {Law}, David R. and {Thomas}, Daniel and {Falcon Barroso}, Jesus and {S{\'a}nchez-Gallego}, Jos{\'e} R. and {Schlafly}, Edward and {Zheng}, Zheng and {Argudo-Fern{\'a}ndez}, Maria and {Beaton}, Rachael L. and {Beers}, Timothy C. and {Bershady}, Matthew and {Blanton}, Michael R. and {Brownstein}, Joel and {Bundy}, Kevin and {Chambers}, Kenneth C. and {Cherinka}, Brian and {De Lee}, Nathan and {Drory}, Niv and {Galbany}, Llu{\'\i}s and {Holtzman}, Jon and {Imig}, Julie and {Kaiser}, Nick and {Kinemuchi}, Karen and {Liu}, Chao and {Luo}, A. -Li and {Magnier}, Eugene and {Majewski}, Steven and {Nair}, Preethi and {Oravetz}, Audrey and {Oravetz}, Daniel and {Pan}, Kaike and {Sobeck}, Jennifer and {Stassun}, Keivan and {Talbot}, Michael and {Tremonti}, Christy and {Waters}, Christopher and {Weijmans}, Anne-Marie and {Wilhelm}, Ronald and {Zasowski}, Gail and {Zhao}, Gang and {Zhao}, Yong-Heng},
        title = "{SDSS-IV MaStar: A Large and Comprehensive Empirical Stellar Spectral Library{\textemdash}First Release}",
      journal = {\apj},
     keywords = {catalogs, Galaxy: stellar content, stars: fundamental parameters, stars: general, techniques: spectroscopic, Astrophysics - Instrumentation and Methods for Astrophysics, Astrophysics - Astrophysics of Galaxies, Astrophysics - Solar and Stellar Astrophysics},
         year = 2019,
        month = oct,
       volume = {883},
       number = {2},
          eid = {175},
        pages = {175},
          doi = {10.3847/1538-4357/ab3ebc},
archivePrefix = {arXiv},
       eprint = {1812.02745},
 primaryClass = {astro-ph.IM},
       adsurl = {https://ui.adsabs.harvard.edu/abs/2019ApJ...883..175Y},
      adsnote = {Provided by the SAO/NASA Astrophysics Data System}
}

@ARTICLE{2011AJ....142...72E,
   author = {{Eisenstein}, D.~J. and {Weinberg}, D.~H. and {Agol}, E. and 
	{Aihara}, H. and {Allende Prieto}, C. and {Anderson}, S.~F. and 
	{Arns}, J.~A. and {Aubourg}, {\'E}. and {Bailey}, S. and {Balbinot}, E. and et al.},
    title = "{SDSS-III: Massive Spectroscopic Surveys of the Distant Universe, the Milky Way, and Extra-Solar Planetary Systems}",
  journal = {\aj},
archivePrefix = "arXiv",
   eprint = {1101.1529},
 primaryClass = "astro-ph.IM",
 keywords = {cosmology: observations, Galaxy: evolution, planets and satellites: detection, surveys},
     year = 2011,
    month = sep,
   volume = 142,
      eid = {72},
    pages = {72},
      doi = {10.1088/0004-6256/142/3/72},
   adsurl = {http://adsabs.harvard.edu/abs/2011AJ....142...72E},
  adsnote = {Provided by the SAO/NASA Astrophysics Data System}
}

@ARTICLE{2013AJ....145...10D,
   author = {{Dawson}, K.~S. and {Schlegel}, D.~J. and {Ahn}, C.~P. and {Anderson}, S.~F. and 
	{Aubourg}, {\'E}. and {Bailey}, S. and {Barkhouser}, R.~H. and 
	{Bautista}, J.~E. and {Beifiori}, A. and {Berlind}, A.~A. and 
	{Bhardwaj}, V. and {Bizyaev}, D. and {Blake}, C.~H. and {Blanton}, M.~R. and 
	{Blomqvist}, M. and {Bolton}, A.~S. and {Borde}, A. and {Bovy}, J. and 
	{Brandt}, W.~N. and {Brewington}, H. and {Brinkmann}, J. and 
	{Brown}, P.~J. and {Brownstein}, J.~R. and {Bundy}, K. and {Busca}, N.~G. and 
	{Carithers}, W. and {Carnero}, A.~R. and {Carr}, M.~A. and {Chen}, Y. and 
	{Comparat}, J. and {Connolly}, N. and {Cope}, F. and {Croft}, R.~A.~C. and 
	{Cuesta}, A.~J. and {da Costa}, L.~N. and {Davenport}, J.~R.~A. and 
	{Delubac}, T. and {de Putter}, R. and {Dhital}, S. and {Ealet}, A. and 
	{Ebelke}, G.~L. and {Eisenstein}, D.~J. and {Escoffier}, S. and 
	{Fan}, X. and {Filiz Ak}, N. and {Finley}, H. and {Font-Ribera}, A. and 
	{G{\'e}nova-Santos}, R. and {Gunn}, J.~E. and {Guo}, H. and 
	{Haggard}, D. and {Hall}, P.~B. and {Hamilton}, J.-C. and {Harris}, B. and 
	{Harris}, D.~W. and {Ho}, S. and {Hogg}, D.~W. and {Holder}, D. and 
	{Honscheid}, K. and {Huehnerhoff}, J. and {Jordan}, B. and {Jordan}, W.~P. and 
	{Kauffmann}, G. and {Kazin}, E.~A. and {Kirkby}, D. and {Klaene}, M.~A. and 
	{Kneib}, J.-P. and {Le Goff}, J.-M. and {Lee}, K.-G. and {Long}, D.~C. and 
	{Loomis}, C.~P. and {Lundgren}, B. and {Lupton}, R.~H. and {Maia}, M.~A.~G. and 
	{Makler}, M. and {Malanushenko}, E. and {Malanushenko}, V. and 
	{Mandelbaum}, R. and {Manera}, M. and {Maraston}, C. and {Margala}, D. and 
	{Masters}, K.~L. and {McBride}, C.~K. and {McDonald}, P. and 
	{McGreer}, I.~D. and {McMahon}, R.~G. and {Mena}, O. and {Miralda-Escud{\'e}}, J. and 
	{Montero-Dorta}, A.~D. and {Montesano}, F. and {Muna}, D. and 
	{Myers}, A.~D. and {Naugle}, T. and {Nichol}, R.~C. and {Noterdaeme}, P. and 
	{Nuza}, S.~E. and {Olmstead}, M.~D. and {Oravetz}, A. and {Oravetz}, D.~J. and 
	{Owen}, R. and {Padmanabhan}, N. and {Palanque-Delabrouille}, N. and 
	{Pan}, K. and {Parejko}, J.~K. and {P{\^a}ris}, I. and {Percival}, W.~J. and 
	{P{\'e}rez-Fournon}, I. and {P{\'e}rez-R{\`a}fols}, I. and {Petitjean}, P. and 
	{Pfaffenberger}, R. and {Pforr}, J. and {Pieri}, M.~M. and {Prada}, F. and 
	{Price-Whelan}, A.~M. and {Raddick}, M.~J. and {Rebolo}, R. and 
	{Rich}, J. and {Richards}, G.~T. and {Rockosi}, C.~M. and {Roe}, N.~A. and 
	{Ross}, A.~J. and {Ross}, N.~P. and {Rossi}, G. and {Rubi{\~n}o-Martin}, J.~A. and 
	{Samushia}, L. and {S{\'a}nchez}, A.~G. and {Sayres}, C. and 
	{Schmidt}, S.~J. and {Schneider}, D.~P. and {Sc{\'o}ccola}, C.~G. and 
	{Seo}, H.-J. and {Shelden}, A. and {Sheldon}, E. and {Shen}, Y. and 
	{Shu}, Y. and {Slosar}, A. and {Smee}, S.~A. and {Snedden}, S.~A. and 
	{Stauffer}, F. and {Steele}, O. and {Strauss}, M.~A. and {Streblyanska}, A. and 
	{Suzuki}, N. and {Swanson}, M.~E.~C. and {Tal}, T. and {Tanaka}, M. and 
	{Thomas}, D. and {Tinker}, J.~L. and {Tojeiro}, R. and {Tremonti}, C.~A. and 
	{Vargas Maga{\~n}a}, M. and {Verde}, L. and {Viel}, M. and {Wake}, D.~A. and 
	{Watson}, M. and {Weaver}, B.~A. and {Weinberg}, D.~H. and {Weiner}, B.~J. and 
	{West}, A.~A. and {White}, M. and {Wood-Vasey}, W.~M. and {Yeche}, C. and 
	{Zehavi}, I. and {Zhao}, G.-B. and {Zheng}, Z.},
    title = "{The Baryon Oscillation Spectroscopic Survey of SDSS-III}",
  journal = {\aj},
archivePrefix = "arXiv",
   eprint = {1208.0022},
 keywords = {cosmology: observations, surveys},
     year = 2013,
    month = jan,
   volume = 145,
      eid = {10},
    pages = {10},
      doi = {10.1088/0004-6256/145/1/10},
   adsurl = {http://adsabs.harvard.edu/abs/2013AJ....145...10D},
  adsnote = {Provided by the SAO/NASA Astrophysics Data System}
}

@ARTICLE{2009AJ....137.4377Y,
   author = {{Yanny}, B. and {Rockosi}, C. and {Newberg}, H.~J. and {Knapp}, G.~R. and 
	{Adelman-McCarthy}, J.~K. and {Alcorn}, B. and {Allam}, S. and 
	{Allende Prieto}, C. and {An}, D. and {Anderson}, K.~S.~J. and 
	{Anderson}, S. and {Bailer-Jones}, C.~A.~L. and {Bastian}, S. and 
	{Beers}, T.~C. and {Bell}, E. and {Belokurov}, V. and {Bizyaev}, D. and 
	{Blythe}, N. and {Bochanski}, J.~J. and {Boroski}, W.~N. and 
	{Brinchmann}, J. and {Brinkmann}, J. and {Brewington}, H. and 
	{Carey}, L. and {Cudworth}, K.~M. and {Evans}, M. and {Evans}, N.~W. and 
	{Gates}, E. and {G{\"a}nsicke}, B.~T. and {Gillespie}, B. and 
	{Gilmore}, G. and {Nebot Gomez-Moran}, A. and {Grebel}, E.~K. and 
	{Greenwell}, J. and {Gunn}, J.~E. and {Jordan}, C. and {Jordan}, W. and 
	{Harding}, P. and {Harris}, H. and {Hendry}, J.~S. and {Holder}, D. and 
	{Ivans}, I.~I. and {Ivezi{\v c}}, {\v Z}. and {Jester}, S. and 
	{Johnson}, J.~A. and {Kent}, S.~M. and {Kleinman}, S. and {Kniazev}, A. and 
	{Krzesinski}, J. and {Kron}, R. and {Kuropatkin}, N. and {Lebedeva}, S. and 
	{Lee}, Y.~S. and {French Leger}, R. and {L{\'e}pine}, S. and 
	{Levine}, S. and {Lin}, H. and {Long}, D.~C. and {Loomis}, C. and 
	{Lupton}, R. and {Malanushenko}, O. and {Malanushenko}, V. and 
	{Margon}, B. and {Martinez-Delgado}, D. and {McGehee}, P. and 
	{Monet}, D. and {Morrison}, H.~L. and {Munn}, J.~A. and {Neilsen}, Jr., E.~H. and 
	{Nitta}, A. and {Norris}, J.~E. and {Oravetz}, D. and {Owen}, R. and 
	{Padmanabhan}, N. and {Pan}, K. and {Peterson}, R.~S. and {Pier}, J.~R. and 
	{Platson}, J. and {Re Fiorentin}, P. and {Richards}, G.~T. and 
	{Rix}, H.-W. and {Schlegel}, D.~J. and {Schneider}, D.~P. and 
	{Schreiber}, M.~R. and {Schwope}, A. and {Sibley}, V. and {Simmons}, A. and 
	{Snedden}, S.~A. and {Allyn Smith}, J. and {Stark}, L. and {Stauffer}, F. and 
	{Steinmetz}, M. and {Stoughton}, C. and {SubbaRao}, M. and {Szalay}, A. and 
	{Szkody}, P. and {Thakar}, A.~R. and {Sivarani}, T. and {Tucker}, D. and 
	{Uomoto}, A. and {Vanden Berk}, D. and {Vidrih}, S. and {Wadadekar}, Y. and 
	{Watters}, S. and {Wilhelm}, R. and {Wyse}, R.~F.~G. and {Yarger}, J. and 
	{Zucker}, D.},
    title = "{SEGUE: A Spectroscopic Survey of 240,000 Stars with g = 14-20}",
  journal = {\aj},
archivePrefix = "arXiv",
   eprint = {0902.1781},
 primaryClass = "astro-ph.GA",
 keywords = {Galaxy: halo, Galaxy: stellar content, Galaxy: structure, stars: abundances, stars: fundamental parameters, stars: general},
     year = 2009,
    month = may,
   volume = 137,
      eid = {4377-4399},
    pages = {4377-4399},
      doi = {10.1088/0004-6256/137/5/4377},
   adsurl = {http://adsabs.harvard.edu/abs/2009AJ....137.4377Y},
  adsnote = {Provided by the SAO/NASA Astrophysics Data System}
}

@ARTICLE{2000AJ....120.1579Y,
   author = {{York}, D.~G. and {Adelman}, J. and {Anderson}, Jr., J.~E. and 
	{Anderson}, S.~F. and {Annis}, J. and {Bahcall}, N.~A. and {Bakken}, J.~A. and 
	{Barkhouser}, R. and {Bastian}, S. and {Berman}, E. and {Boroski}, W.~N. and 
	{Bracker}, S. and {Briegel}, C. and {Briggs}, J.~W. and {Brinkmann}, J. and 
	{Brunner}, R. and {Burles}, S. and {Carey}, L. and {Carr}, M.~A. and 
	{Castander}, F.~J. and {Chen}, B. and {Colestock}, P.~L. and 
	{Connolly}, A.~J. and {Crocker}, J.~H. and {Csabai}, I. and 
	{Czarapata}, P.~C. and {Davis}, J.~E. and {Doi}, M. and {Dombeck}, T. and 
	{Eisenstein}, D. and {Ellman}, N. and {Elms}, B.~R. and {Evans}, M.~L. and 
	{Fan}, X. and {Federwitz}, G.~R. and {Fiscelli}, L. and {Friedman}, S. and 
	{Frieman}, J.~A. and {Fukugita}, M. and {Gillespie}, B. and 
	{Gunn}, J.~E. and {Gurbani}, V.~K. and {de Haas}, E. and {Haldeman}, M. and 
	{Harris}, F.~H. and {Hayes}, J. and {Heckman}, T.~M. and {Hennessy}, G.~S. and 
	{Hindsley}, R.~B. and {Holm}, S. and {Holmgren}, D.~J. and {Huang}, C.-h. and 
	{Hull}, C. and {Husby}, D. and {Ichikawa}, S.-I. and {Ichikawa}, T. and 
	{Ivezi{\'c}}, {\v Z}. and {Kent}, S. and {Kim}, R.~S.~J. and 
	{Kinney}, E. and {Klaene}, M. and {Kleinman}, A.~N. and {Kleinman}, S. and 
	{Knapp}, G.~R. and {Korienek}, J. and {Kron}, R.~G. and {Kunszt}, P.~Z. and 
	{Lamb}, D.~Q. and {Lee}, B. and {Leger}, R.~F. and {Limmongkol}, S. and 
	{Lindenmeyer}, C. and {Long}, D.~C. and {Loomis}, C. and {Loveday}, J. and 
	{Lucinio}, R. and {Lupton}, R.~H. and {MacKinnon}, B. and {Mannery}, E.~J. and 
	{Mantsch}, P.~M. and {Margon}, B. and {McGehee}, P. and {McKay}, T.~A. and 
	{Meiksin}, A. and {Merelli}, A. and {Monet}, D.~G. and {Munn}, J.~A. and 
	{Narayanan}, V.~K. and {Nash}, T. and {Neilsen}, E. and {Neswold}, R. and 
	{Newberg}, H.~J. and {Nichol}, R.~C. and {Nicinski}, T. and 
	{Nonino}, M. and {Okada}, N. and {Okamura}, S. and {Ostriker}, J.~P. and 
	{Owen}, R. and {Pauls}, A.~G. and {Peoples}, J. and {Peterson}, R.~L. and 
	{Petravick}, D. and {Pier}, J.~R. and {Pope}, A. and {Pordes}, R. and 
	{Prosapio}, A. and {Rechenmacher}, R. and {Quinn}, T.~R. and 
	{Richards}, G.~T. and {Richmond}, M.~W. and {Rivetta}, C.~H. and 
	{Rockosi}, C.~M. and {Ruthmansdorfer}, K. and {Sandford}, D. and 
	{Schlegel}, D.~J. and {Schneider}, D.~P. and {Sekiguchi}, M. and 
	{Sergey}, G. and {Shimasaku}, K. and {Siegmund}, W.~A. and {Smee}, S. and 
	{Smith}, J.~A. and {Snedden}, S. and {Stone}, R. and {Stoughton}, C. and 
	{Strauss}, M.~A. and {Stubbs}, C. and {SubbaRao}, M. and {Szalay}, A.~S. and 
	{Szapudi}, I. and {Szokoly}, G.~P. and {Thakar}, A.~R. and {Tremonti}, C. and 
	{Tucker}, D.~L. and {Uomoto}, A. and {Vanden Berk}, D. and {Vogeley}, M.~S. and 
	{Waddell}, P. and {Wang}, S.-i. and {Watanabe}, M. and {Weinberg}, D.~H. and 
	{Yanny}, B. and {Yasuda}, N. and {SDSS Collaboration}},
    title = "{The Sloan Digital Sky Survey: Technical Summary}",
  journal = {\aj},
   eprint = {astro-ph/0006396},
 keywords = {Cosmology: Observations, Instrumentation: Miscellaneous},
     year = 2000,
    month = sep,
   volume = 120,
    pages = {1579-1587},
      doi = {10.1086/301513},
   adsurl = {http://adsabs.harvard.edu/abs/2000AJ....120.1579Y},
  adsnote = {Provided by the SAO/NASA Astrophysics Data System}
}

@ARTICLE{2002AJ....124.1810S,
   author = {{Strauss}, M.~A. and {Weinberg}, D.~H. and {Lupton}, R.~H. and 
	{Narayanan}, V.~K. and {Annis}, J. and {Bernardi}, M. and {Blanton}, M. and 
	{Burles}, S. and {Connolly}, A.~J. and {Dalcanton}, J. and {Doi}, M. and 
	{Eisenstein}, D. and {Frieman}, J.~A. and {Fukugita}, M. and 
	{Gunn}, J.~E. and {Ivezi{\'c}}, {\v Z}. and {Kent}, S. and {Kim}, R.~S.~J. and 
	{Knapp}, G.~R. and {Kron}, R.~G. and {Munn}, J.~A. and {Newberg}, H.~J. and 
	{Nichol}, R.~C. and {Okamura}, S. and {Quinn}, T.~R. and {Richmond}, M.~W. and 
	{Schlegel}, D.~J. and {Shimasaku}, K. and {SubbaRao}, M. and 
	{Szalay}, A.~S. and {Vanden Berk}, D. and {Vogeley}, M.~S. and 
	{Yanny}, B. and {Yasuda}, N. and {York}, D.~G. and {Zehavi}, I.
	},
    title = "{Spectroscopic Target Selection in the Sloan Digital Sky Survey: The Main Galaxy Sample}",
  journal = {\aj},
   eprint = {astro-ph/0206225},
 keywords = {Galaxies: Distances and Redshifts, Galaxies: Photometry, Surveys},
     year = 2002,
    month = sep,
   volume = 124,
    pages = {1810-1824},
      doi = {10.1086/342343},
   adsurl = {http://adsabs.harvard.edu/abs/2002AJ....124.1810S},
  adsnote = {Provided by the SAO/NASA Astrophysics Data System}
}

@ARTICLE{2008AJ....135..338F,
   author = {{Frieman}, J.~A. and {Bassett}, B. and {Becker}, A. and {Choi}, C. and 
	{Cinabro}, D. and {DeJongh}, F. and {Depoy}, D.~L. and {Dilday}, B. and 
	{Doi}, M. and {Garnavich}, P.~M. and {Hogan}, C.~J. and {Holtzman}, J. and 
	{Im}, M. and {Jha}, S. and {Kessler}, R. and {Konishi}, K. and 
	{Lampeitl}, H. and {Marriner}, J. and {Marshall}, J.~L. and 
	{McGinnis}, D. and {Miknaitis}, G. and {Nichol}, R.~C. and {Prieto}, J.~L. and 
	{Riess}, A.~G. and {Richmond}, M.~W. and {Romani}, R. and {Sako}, M. and 
	{Schneider}, D.~P. and {Smith}, M. and {Takanashi}, N. and {Tokita}, K. and 
	{van der Heyden}, K. and {Yasuda}, N. and {Zheng}, C. and {Adelman-McCarthy}, J. and 
	{Annis}, J. and {Assef}, R.~J. and {Barentine}, J. and {Bender}, R. and 
	{Blandford}, R.~D. and {Boroski}, W.~N. and {Bremer}, M. and 
	{Brewington}, H. and {Collins}, C.~A. and {Crotts}, A. and {Dembicky}, J. and 
	{Eastman}, J. and {Edge}, A. and {Edmondson}, E. and {Elson}, E. and 
	{Eyler}, M.~E. and {Filippenko}, A.~V. and {Foley}, R.~J. and 
	{Frank}, S. and {Goobar}, A. and {Gueth}, T. and {Gunn}, J.~E. and 
	{Harvanek}, M. and {Hopp}, U. and {Ihara}, Y. and {Ivezi{\'c}}, {\v Z}. and 
	{Kahn}, S. and {Kaplan}, J. and {Kent}, S. and {Ketzeback}, W. and 
	{Kleinman}, S.~J. and {Kollatschny}, W. and {Kron}, R.~G. and 
	{Krzesi{\'n}ski}, J. and {Lamenti}, D. and {Leloudas}, G. and 
	{Lin}, H. and {Long}, D.~C. and {Lucey}, J. and {Lupton}, R.~H. and 
	{Malanushenko}, E. and {Malanushenko}, V. and {McMillan}, R.~J. and 
	{Mendez}, J. and {Morgan}, C.~W. and {Morokuma}, T. and {Nitta}, A. and 
	{Ostman}, L. and {Pan}, K. and {Rockosi}, C.~M. and {Romer}, A.~K. and 
	{Ruiz-Lapuente}, P. and {Saurage}, G. and {Schlesinger}, K. and 
	{Snedden}, S.~A. and {Sollerman}, J. and {Stoughton}, C. and 
	{Stritzinger}, M. and {Subba Rao}, M. and {Tucker}, D. and {Vaisanen}, P. and 
	{Watson}, L.~C. and {Watters}, S. and {Wheeler}, J.~C. and {Yanny}, B. and 
	{York}, D.},
    title = "{The Sloan Digital Sky Survey-II Supernova Survey: Technical Summary}",
  journal = {\aj},
archivePrefix = "arXiv",
   eprint = {0708.2749},
 keywords = {supernovae: general, surveys},
     year = 2008,
    month = jan,
   volume = 135,
    pages = {338-347},
      doi = {10.1088/0004-6256/135/1/338},
   adsurl = {http://adsabs.harvard.edu/abs/2008AJ....135..338F},
  adsnote = {Provided by the SAO/NASA Astrophysics Data System}
}

@ARTICLE{2001AJ....122.2267E,
       author = {{Eisenstein}, Daniel J. and {Annis}, James and {Gunn}, James E. and {Szalay}, Alexander S. and {Connolly}, Andrew J. and {Nichol}, R.~C. and {Bahcall}, Neta A. and {Bernardi}, Mariangela and {Burles}, Scott and {Castander}, Francisco J. and {Fukugita}, Masataka and {Hogg}, David W. and {Ivezi{\'c}}, {\v{Z}}eljko and {Knapp}, G.~R. and {Lupton}, Robert H. and {Narayanan}, Vijay and {Postman}, Marc and {Reichart}, Daniel E. and {Richmond}, Michael and {Schneider}, Donald P. and {Schlegel}, David J. and {Strauss}, Michael A. and {SubbaRao}, Mark and {Tucker}, Douglas L. and {Vanden Berk}, Daniel and {Vogeley}, Michael S. and {Weinberg}, David H. and {Yanny}, Brian},
        title = "{Spectroscopic Target Selection for the Sloan Digital Sky Survey: The Luminous Red Galaxy Sample}",
      journal = {\aj},
     keywords = {Cosmology: Observations, Galaxies: Clusters: General, Galaxies: Distances and Redshifts, Galaxies: Elliptical and Lenticular, cD, Cosmology: Large-Scale Structure of Universe, Surveys, Astrophysics},
         year = 2001,
        month = nov,
       volume = {122},
       number = {5},
        pages = {2267-2280},
          doi = {10.1086/323717},
archivePrefix = {arXiv},
       eprint = {astro-ph/0108153},
 primaryClass = {astro-ph},
       adsurl = {https://ui.adsabs.harvard.edu/abs/2001AJ....122.2267E},
      adsnote = {Provided by the SAO/NASA Astrophysics Data System}
}

@ARTICLE{2002AJ....123.2945R,
       author = {{Richards}, Gordon T. and {Fan}, Xiaohui and {Newberg}, Heidi Jo and {Strauss}, Michael A. and {Vanden Berk}, Daniel E. and {Schneider}, Donald P. and {Yanny}, Brian and {Boucher}, Adam and {Burles}, Scott and {Frieman}, Joshua A. and {Gunn}, James E. and {Hall}, Patrick B. and {Ivezi{\'c}}, {\v{Z}}eljko and {Kent}, Stephen and {Loveday}, Jon and {Lupton}, Robert H. and {Rockosi}, Constance M. and {Schlegel}, David J. and {Stoughton}, Chris and {SubbaRao}, Mark and {York}, Donald G.},
        title = "{Spectroscopic Target Selection in the Sloan Digital Sky Survey: The Quasar Sample}",
      journal = {\aj},
     keywords = {Galaxies: Quasars: General, Surveys, Astrophysics},
         year = 2002,
        month = jun,
       volume = {123},
       number = {6},
        pages = {2945-2975},
          doi = {10.1086/340187},
archivePrefix = {arXiv},
       eprint = {astro-ph/0202251},
 primaryClass = {astro-ph},
       adsurl = {https://ui.adsabs.harvard.edu/abs/2002AJ....123.2945R},
      adsnote = {Provided by the SAO/NASA Astrophysics Data System}
}

@ARTICLE{2006AJ....131.2332G,
   author = {{Gunn}, J.~E. and {Siegmund}, W.~A. and {Mannery}, E.~J. and 
	{Owen}, R.~E. and {Hull}, C.~L. and {Leger}, R.~F. and {Carey}, L.~N. and 
	{Knapp}, G.~R. and {York}, D.~G. and {Boroski}, W.~N. and {Kent}, S.~M. and 
	{Lupton}, R.~H. and {Rockosi}, C.~M. and {Evans}, M.~L. and 
	{Waddell}, P. and {Anderson}, J.~E. and {Annis}, J. and {Barentine}, J.~C. and 
	{Bartoszek}, L.~M. and {Bastian}, S. and {Bracker}, S.~B. and 
	{Brewington}, H.~J. and {Briegel}, C.~I. and {Brinkmann}, J. and 
	{Brown}, Y.~J. and {Carr}, M.~A. and {Czarapata}, P.~C. and 
	{Drennan}, C.~C. and {Dombeck}, T. and {Federwitz}, G.~R. and 
	{Gillespie}, B.~A. and {Gonzales}, C. and {Hansen}, S.~U. and 
	{Harvanek}, M. and {Hayes}, J. and {Jordan}, W. and {Kinney}, E. and 
	{Klaene}, M. and {Kleinman}, S.~J. and {Kron}, R.~G. and {Kresinski}, J. and 
	{Lee}, G. and {Limmongkol}, S. and {Lindenmeyer}, C.~W. and 
	{Long}, D.~C. and {Loomis}, C.~L. and {McGehee}, P.~M. and {Mantsch}, P.~M. and 
	{Neilsen}, Jr., E.~H. and {Neswold}, R.~M. and {Newman}, P.~R. and 
	{Nitta}, A. and {Peoples}, Jr., J. and {Pier}, J.~R. and {Prieto}, P.~S. and 
	{Prosapio}, A. and {Rivetta}, C. and {Schneider}, D.~P. and 
	{Snedden}, S. and {Wang}, S.-i.},
    title = "{The 2.5 m Telescope of the Sloan Digital Sky Survey}",
  journal = {\aj},
   eprint = {astro-ph/0602326},
 keywords = {Surveys, Telescopes},
     year = 2006,
    month = apr,
   volume = 131,
    pages = {2332-2359},
      doi = {10.1086/500975},
   adsurl = {http://adsabs.harvard.edu/abs/2006AJ....131.2332G},
  adsnote = {Provided by the SAO/NASA Astrophysics Data System}
}

@ARTICLE{1998AJ....116.3040G,
   author = {{Gunn}, J.~E. and {Carr}, M. and {Rockosi}, C. and {Sekiguchi}, M. and 
	{Berry}, K. and {Elms}, B. and {de Haas}, E. and {Ivezi{\'c}}, {\v Z}. and 
	{Knapp}, G. and {Lupton}, R. and {Pauls}, G. and {Simcoe}, R. and 
	{Hirsch}, R. and {Sanford}, D. and {Wang}, S. and {York}, D. and 
	{Harris}, F. and {Annis}, J. and {Bartozek}, L. and {Boroski}, W. and 
	{Bakken}, J. and {Haldeman}, M. and {Kent}, S. and {Holm}, S. and 
	{Holmgren}, D. and {Petravick}, D. and {Prosapio}, A. and {Rechenmacher}, R. and 
	{Doi}, M. and {Fukugita}, M. and {Shimasaku}, K. and {Okada}, N. and 
	{Hull}, C. and {Siegmund}, W. and {Mannery}, E. and {Blouke}, M. and 
	{Heidtman}, D. and {Schneider}, D. and {Lucinio}, R. and {Brinkman}, J.
	},
    title = "{The Sloan Digital Sky Survey Photometric Camera}",
  journal = {\aj},
   eprint = {astro-ph/9809085},
 keywords = {ASTROMETRY, ATLASES, CATALOGS, COSMOLOGY: OBSERVATIONS, INSTRUMENTATION: DETECTORS, INSTRUMENTATION: PHOTOMETERS, SURVEYS},
     year = 1998,
    month = dec,
   volume = 116,
    pages = {3040-3081},
      doi = {10.1086/300645},
   adsurl = {http://adsabs.harvard.edu/abs/1998AJ....116.3040G},
  adsnote = {Provided by the SAO/NASA Astrophysics Data System}
}

@ARTICLE{2010AJ....139.1628D,
   author = {{Doi}, M. and {Tanaka}, M. and {Fukugita}, M. and {Gunn}, J.~E. and 
	{Yasuda}, N. and {Ivezi{\'c}}, {\v Z}. and {Brinkmann}, J. and 
	{de Haars}, E. and {Kleinman}, S.~J. and {Krzesinski}, J. and 
	{French Leger}, R.},
    title = "{Photometric Response Functions of the Sloan Digital Sky Survey Imager}",
  journal = {\aj},
archivePrefix = "arXiv",
   eprint = {1002.3701},
 primaryClass = "astro-ph.IM",
 keywords = {galaxies: photometry, surveys, techniques: photometric},
     year = 2010,
    month = apr,
   volume = 139,
    pages = {1628-1648},
      doi = {10.1088/0004-6256/139/4/1628},
   adsurl = {http://adsabs.harvard.edu/abs/2010AJ....139.1628D},
  adsnote = {Provided by the SAO/NASA Astrophysics Data System}
}

@ARTICLE{1996AJ....111.1748F,
       author = {{Fukugita}, M. and {Ichikawa}, T. and {Gunn}, J.~E. and {Doi}, M. and {Shimasaku}, K. and {Schneider}, D.~P.},
        title = "{The Sloan Digital Sky Survey Photometric System}",
      journal = {\aj},
     keywords = {SURVEYS, INSTRUMENTATION: PHOTOMETERS, TECHNIQUES: PHOTOMETRIC},
         year = 1996,
        month = apr,
       volume = {111},
        pages = {1748},
          doi = {10.1086/117915},
       adsurl = {https://ui.adsabs.harvard.edu/abs/1996AJ....111.1748F},
      adsnote = {Provided by the SAO/NASA Astrophysics Data System}
}

@ARTICLE{2013AJ....146...32S,
   author = {{Smee}, S.~A. and {Gunn}, J.~E. and {Uomoto}, A. and {Roe}, N. and 
	{Schlegel}, D. and {Rockosi}, C.~M. and {Carr}, M.~A. and {Leger}, F. and 
	{Dawson}, K.~S. and {Olmstead}, M.~D. and {Brinkmann}, J. and 
	{Owen}, R. and {Barkhouser}, R.~H. and {Honscheid}, K. and {Harding}, P. and 
	{Long}, D. and {Lupton}, R.~H. and {Loomis}, C. and {Anderson}, L. and 
	{Annis}, J. and {Bernardi}, M. and {Bhardwaj}, V. and {Bizyaev}, D. and 
	{Bolton}, A.~S. and {Brewington}, H. and {Briggs}, J.~W. and 
	{Burles}, S. and {Burns}, J.~G. and {Castander}, F.~J. and {Connolly}, A. and 
	{Davenport}, J.~R.~A. and {Ebelke}, G. and {Epps}, H. and {Feldman}, P.~D. and 
	{Friedman}, S.~D. and {Frieman}, J. and {Heckman}, T. and {Hull}, C.~L. and 
	{Knapp}, G.~R. and {Lawrence}, D.~M. and {Loveday}, J. and {Mannery}, E.~J. and 
	{Malanushenko}, E. and {Malanushenko}, V. and {Merrelli}, A.~J. and 
	{Muna}, D. and {Newman}, P.~R. and {Nichol}, R.~C. and {Oravetz}, D. and 
	{Pan}, K. and {Pope}, A.~C. and {Ricketts}, P.~G. and {Shelden}, A. and 
	{Sandford}, D. and {Siegmund}, W. and {Simmons}, A. and {Smith}, D.~S. and 
	{Snedden}, S. and {Schneider}, D.~P. and {SubbaRao}, M. and 
	{Tremonti}, C. and {Waddell}, P. and {York}, D.~G.},
    title = "{The Multi-object, Fiber-fed Spectrographs for the Sloan Digital Sky Survey and the Baryon Oscillation Spectroscopic Survey}",
  journal = {\aj},
archivePrefix = "arXiv",
   eprint = {1208.2233},
 primaryClass = "astro-ph.IM",
 keywords = {cosmology: observations, instrumentation: spectrographs, surveys },
     year = 2013,
    month = aug,
   volume = 146,
      eid = {32},
    pages = {32},
      doi = {10.1088/0004-6256/146/2/32},
   adsurl = {http://adsabs.harvard.edu/abs/2013AJ....146...32S},
  adsnote = {Provided by the SAO/NASA Astrophysics Data System}
}

@ARTICLE{2019PASP..131e5001W,
       author = {{Wilson}, J.~C. and {Hearty}, F.~R. and {Skrutskie}, M.~F. and {Majewski}, S.~R. and {Holtzman}, J.~A. and {Eisenstein}, D. and {Gunn}, J. and {Blank}, B. and {Henderson}, C. and {Smee}, S. and {Nelson}, M. and {Nidever}, D. and {Arns}, J. and {Barkhouser}, R. and {Barr}, J. and {Beland}, S. and {Bershady}, M.~A. and {Blanton}, M.~R. and {Brunner}, S. and {Burton}, A. and {Carey}, L. and {Carr}, M. and {Colque}, J.~P. and {Crane}, J. and {Damke}, G.~J. and {Davidson}, J.~W., Jr. and {Dean}, J. and {Di Mille}, F. and {Don}, K.~W. and {Ebelke}, G. and {Evans}, M. and {Fitzgerald}, G. and {Gillespie}, B. and {Hall}, M. and {Harding}, A. and {Harding}, P. and {Hammond}, R. and {Hancock}, D. and {Harrison}, C. and {Hope}, S. and {Horne}, T. and {Karakla}, J. and {Lam}, C. and {Leger}, F. and {MacDonald}, N. and {Maseman}, P. and {Matsunari}, J. and {Melton}, S. and {Mitcheltree}, T. and {O'Brien}, T. and {O'Connell}, R.~W. and {Patten}, A. and {Richardson}, W. and {Rieke}, G. and {Rieke}, M. and {Roman-Lopes}, A. and {Schiavon}, R.~P. and {Sobeck}, J.~S. and {Stolberg}, T. and {Stoll}, R. and {Tembe}, M. and {Trujillo}, J.~D. and {Uomoto}, A. and {Vernieri}, M. and {Walker}, E. and {Weinberg}, D.~H. and {Young}, E. and {Anthony-Brumfield}, B. and {Bizyaev}, D. and {Breslauer}, B. and {De Lee}, N. and {Downey}, J. and {Halverson}, S. and {Huehnerhoff}, J. and {Klaene}, M. and {Leon}, E. and {Long}, D. and {Mahadevan}, S. and {Malanushenko}, E. and {Nguyen}, D.~C. and {Owen}, R. and {S{\'a}nchez-Gallego}, J.~R. and {Sayres}, C. and {Shane}, N. and {Shectman}, S.~A. and {Shetrone}, M. and {Skinner}, D. and {Stauffer}, F. and {Zhao}, B.},
        title = "{The Apache Point Observatory Galactic Evolution Experiment (APOGEE) Spectrographs}",
      journal = {\pasp},
     keywords = {Astrophysics - Instrumentation and Methods for Astrophysics},
         year = 2019,
        month = may,
       volume = {131},
       number = {999},
        pages = {055001},
          doi = {10.1088/1538-3873/ab0075},
archivePrefix = {arXiv},
       eprint = {1902.00928},
 primaryClass = {astro-ph.IM},
       adsurl = {https://ui.adsabs.harvard.edu/abs/2019PASP..131e5001W},
      adsnote = {Provided by the SAO/NASA Astrophysics Data System}
}

@ARTICLE{2015AJ....149...77D,
       author = {{Drory}, N. and {MacDonald}, N. and {Bershady}, M.~A. and {Bundy}, K. and {Gunn}, J. and {Law}, D.~R. and {Smith}, M. and {Stoll}, R. and {Tremonti}, C.~A. and {Wake}, D.~A. and {Yan}, R. and {Weijmans}, A.~M. and {Byler}, N. and {Cherinka}, B. and {Cope}, F. and {Eigenbrot}, A. and {Harding}, P. and {Holder}, D. and {Huehnerhoff}, J. and {Jaehnig}, K. and {Jansen}, T.~C. and {Klaene}, M. and {Paat}, A.~M. and {Percival}, J. and {Sayres}, C.},
        title = "{The MaNGA Integral Field Unit Fiber Feed System for the Sloan 2.5 m Telescope}",
      journal = {\aj},
     keywords = {galaxies: general, instrumentation: spectrographs, surveys, techniques: imaging spectroscopy, Astrophysics - Instrumentation and Methods for Astrophysics},
         year = 2015,
        month = feb,
       volume = {149},
       number = {2},
          eid = {77},
        pages = {77},
          doi = {10.1088/0004-6256/149/2/77},
archivePrefix = {arXiv},
       eprint = {1412.1535},
 primaryClass = {astro-ph.IM},
       adsurl = {https://ui.adsabs.harvard.edu/abs/2015AJ....149...77D},
      adsnote = {Provided by the SAO/NASA Astrophysics Data System}
}

@ARTICLE{2020ApJS..249....3A,
       author = {{Ahumada}, Romina and {Prieto}, Carlos Allende and {Almeida}, Andr{\'e}s and {Anders}, Friedrich and {Anderson}, Scott F. and {Andrews}, Brett H. and {Anguiano}, Borja and {Arcodia}, Riccardo and {Armengaud}, Eric and {Aubert}, Marie and {Avila}, Santiago and {Avila-Reese}, Vladimir and {Badenes}, Carles and {Balland}, Christophe and {Barger}, Kat and {Barrera-Ballesteros}, Jorge K. and {Basu}, Sarbani and {Bautista}, Julian and {Beaton}, Rachael L. and {Beers}, Timothy C. and {Benavides}, B. Izamar T. and {Bender}, Chad F. and {Bernardi}, Mariangela and {Bershady}, Matthew and {Beutler}, Florian and {Bidin}, Christian Moni and {Bird}, Jonathan and {Bizyaev}, Dmitry and {Blanc}, Guillermo A. and {Blanton}, Michael R. and {Boquien}, M{\'e}d{\'e}ric and {Borissova}, Jura and {Bovy}, Jo and {Brandt}, W.~N. and {Brinkmann}, Jonathan and {Brownstein}, Joel R. and {Bundy}, Kevin and {Bureau}, Martin and {Burgasser}, Adam and {Burtin}, Etienne and {Cano-D{\'\i}az}, Mariana and {Capasso}, Raffaella and {Cappellari}, Michele and {Carrera}, Ricardo and {Chabanier}, Sol{\`e}ne and {Chaplin}, William and {Chapman}, Michael and {Cherinka}, Brian and {Chiappini}, Cristina and {Doohyun Choi}, Peter and {Chojnowski}, S. Drew and {Chung}, Haeun and {Clerc}, Nicolas and {Coffey}, Damien and {Comerford}, Julia M. and {Comparat}, Johan and {da Costa}, Luiz and {Cousinou}, Marie-Claude and {Covey}, Kevin and {Crane}, Jeffrey D. and {Cunha}, Katia and {Ilha}, Gabriele da Silva and {Dai}, Yu Sophia and {Damsted}, Sanna B. and {Darling}, Jeremy and {Davidson}, James W., Jr. and {Davies}, Roger and {Dawson}, Kyle and {De}, Nikhil and {de la Macorra}, Axel and {De Lee}, Nathan and {Queiroz}, Anna B{\'a}rbara de Andrade and {Deconto Machado}, Alice and {de la Torre}, Sylvain and {Dell'Agli}, Flavia and {du Mas des Bourboux}, H{\'e}lion and {Diamond-Stanic}, Aleksandar M. and {Dillon}, Sean and {Donor}, John and {Drory}, Niv and {Duckworth}, Chris and {Dwelly}, Tom and {Ebelke}, Garrett and {Eftekharzadeh}, Sarah and {Davis Eigenbrot}, Arthur and {Elsworth}, Yvonne P. and {Eracleous}, Mike and {Erfanianfar}, Ghazaleh and {Escoffier}, Stephanie and {Fan}, Xiaohui and {Farr}, Emily and {Fern{\'a}ndez-Trincado}, Jos{\'e} G. and {Feuillet}, Diane and {Finoguenov}, Alexis and {Fofie}, Patricia and {Fraser-McKelvie}, Amelia and {Frinchaboy}, Peter M. and {Fromenteau}, Sebastien and {Fu}, Hai and {Galbany}, Llu{\'\i}s and {Garcia}, Rafael A. and {Garc{\'\i}a-Hern{\'a}ndez}, D.~A. and {Oehmichen}, Luis Alberto Garma and {Ge}, Junqiang and {Maia}, Marcio Antonio Geimba and {Geisler}, Doug and {Gelfand}, Joseph and {Goddy}, Julian and {Gonzalez-Perez}, Violeta and {Grabowski}, Kathleen and {Green}, Paul and {Grier}, Catherine J. and {Guo}, Hong and {Guy}, Julien and {Harding}, Paul and {Hasselquist}, Sten and {Hawken}, Adam James and {Hayes}, Christian R. and {Hearty}, Fred and {Hekker}, S. and {Hogg}, David W. and {Holtzman}, Jon A. and {Horta}, Danny and {Hou}, Jiamin and {Hsieh}, Bau-Ching and {Huber}, Daniel and {Hunt}, Jason A.~S. and {Chitham}, J. Ider and {Imig}, Julie and {Jaber}, Mariana and {Angel}, Camilo Eduardo Jimenez and {Johnson}, Jennifer A. and {Jones}, Amy M. and {J{\"o}nsson}, Henrik and {Jullo}, Eric and {Kim}, Yerim and {Kinemuchi}, Karen and {Kirkpatrick}, Charles C., IV and {Kite}, George W. and {Klaene}, Mark and {Kneib}, Jean-Paul and {Kollmeier}, Juna A. and {Kong}, Hui and {Kounkel}, Marina and {Krishnarao}, Dhanesh and {Lacerna}, Ivan and {Lan}, Ting-Wen and {Lane}, Richard R. and {Law}, David R. and {Le Goff}, Jean-Marc and {Leung}, Henry W. and {Lewis}, Hannah and {Li}, Cheng and {Lian}, Jianhui and {Lin}, Lihwai and {Long}, Dan and {Longa-Pe{\~n}a}, Pen{\'e}lope and {Lundgren}, Britt and {Lyke}, Brad W. and {Ted Mackereth}, J. and {MacLeod}, Chelsea L. and {Majewski}, Steven R. and {Manchado}, Arturo and {Maraston}, Claudia and {Martini}, Paul and {Masseron}, Thomas and {Masters}, Karen L. and {Mathur}, Savita and {McDermid}, Richard M. and {Merloni}, Andrea and {Merrifield}, Michael and {M{\'e}sz{\'a}ros}, Szabolcs and {Miglio}, Andrea and {Minniti}, Dante and {Minsley}, Rebecca and {Miyaji}, Takamitsu and {Mohammad}, Faizan Gohar and {Mosser}, Benoit and {Mueller}, Eva-Maria and {Muna}, Demitri and {Mu{\~n}oz-Guti{\'e}rrez}, Andrea and {Myers}, Adam D. and {Nadathur}, Seshadri and {Nair}, Preethi and {Nandra}, Kirpal and {do Nascimento}, Janaina Correa and {Nevin}, Rebecca Jean and {Newman}, Jeffrey A. and {Nidever}, David L. and {Nitschelm}, Christian and {Noterdaeme}, Pasquier and {O'Connell}, Julia E. and {Olmstead}, Matthew D. and {Oravetz}, Daniel and {Oravetz}, Audrey and {Osorio}, Yeisson and {Pace}, Zachary J. and {Padilla}, Nelson and {Palanque-Delabrouille}, Nathalie and {Palicio}, Pedro A. and {Pan}, Hsi-An and {Pan}, Kaike and {Parker}, James and {Paviot}, Romain and {Peirani}, Sebastien and {Ram{\'r}ez}, Karla Pe{\~n}a and {Penny}, Samantha and {Percival}, Will J. and {Perez-Fournon}, Ismael and {P{\'e}rez-R{\`a}fols}, Ignasi and {Petitjean}, Patrick and {Pieri}, Matthew M. and {Pinsonneault}, Marc and {Poovelil}, Vijith Jacob and {Povick}, Joshua Tyler and {Prakash}, Abhishek and {Price-Whelan}, Adrian M. and {Raddick}, M. Jordan and {Raichoor}, Anand and {Ray}, Amy and {Rembold}, Sandro Barboza and {Rezaie}, Mehdi and {Riffel}, Rogemar A. and {Riffel}, Rog{\'e}rio and {Rix}, Hans-Walter and {Robin}, Annie C. and {Roman-Lopes}, A. and {Rom{\'a}n-Z{\'u}{\~n}iga}, Carlos and {Rose}, Benjamin and {Ross}, Ashley J. and {Rossi}, Graziano and {Rowlands}, Kate and {Rubin}, Kate H.~R. and {Salvato}, Mara and {S{\'a}nchez}, Ariel G. and {S{\'a}nchez-Menguiano}, Laura and {S{\'a}nchez-Gallego}, Jos{\'e} R. and {Sayres}, Conor and {Schaefer}, Adam and {Schiavon}, Ricardo P. and {Schimoia}, Jaderson S. and {Schlafly}, Edward and {Schlegel}, David and {Schneider}, Donald P. and {Schultheis}, Mathias and {Schwope}, Axel and {Seo}, Hee-Jong and {Serenelli}, Aldo and {Shafieloo}, Arman and {Shamsi}, Shoaib Jamal and {Shao}, Zhengyi and {Shen}, Shiyin and {Shetrone}, Matthew and {Shirley}, Raphael and {Aguirre}, V{\'\i}ctor Silva and {Simon}, Joshua D. and {Skrutskie}, M.~F. and {Slosar}, An{\v{z}}e and {Smethurst}, Rebecca and {Sobeck}, Jennifer and {Sodi}, Bernardo Cervantes and {Souto}, Diogo and {Stark}, David V. and {Stassun}, Keivan G. and {Steinmetz}, Matthias and {Stello}, Dennis and {Stermer}, Julianna and {Storchi-Bergmann}, Thaisa and {Streblyanska}, Alina and {Stringfellow}, Guy S. and {Stutz}, Amelia and {Su{\'a}rez}, Genaro and {Sun}, Jing and {Taghizadeh-Popp}, Manuchehr and {Talbot}, Michael S. and {Tayar}, Jamie and {Thakar}, Aniruddha R. and {Theriault}, Riley and {Thomas}, Daniel and {Thomas}, Zak C. and {Tinker}, Jeremy and {Tojeiro}, Rita and {Toledo}, Hector Hernandez and {Tremonti}, Christy A. and {Troup}, Nicholas W. and {Tuttle}, Sarah and {Unda-Sanzana}, Eduardo and {Valentini}, Marica and {Vargas-Gonz{\'a}lez}, Jaime and {Vargas-Maga{\~n}a}, Mariana and {V{\'a}zquez-Mata}, Jose Antonio and {Vivek}, M. and {Wake}, David and {Wang}, Yuting and {Weaver}, Benjamin Alan and {Weijmans}, Anne-Marie and {Wild}, Vivienne and {Wilson}, John C. and {Wilson}, Robert F. and {Wolthuis}, Nathan and {Wood-Vasey}, W.~M. and {Yan}, Renbin and {Yang}, Meng and {Y{\`e}che}, Christophe and {Zamora}, Olga and {Zarrouk}, Pauline and {Zasowski}, Gail and {Zhang}, Kai and {Zhao}, Cheng and {Zhao}, Gongbo and {Zheng}, Zheng and {Zheng}, Zheng and {Zhu}, Guangtun and {Zou}, Hu},
        title = "{The 16th Data Release of the Sloan Digital Sky Surveys: First Release from the APOGEE-2 Southern Survey and Full Release of eBOSS Spectra}",
      journal = {\apjs},
     keywords = {Astronomy databases, Optical telescopes, Infrared astronomy, Redshift surveys, Galactic abundances, Stellar spectral lines, Stellar properties, 83, 1174, 786, 1378, 2002, 1630, 1624, Astrophysics - Astrophysics of Galaxies, Astrophysics - Cosmology and Nongalactic Astrophysics, Astrophysics - Instrumentation and Methods for Astrophysics},
         year = 2020,
        month = jul,
       volume = {249},
       number = {1},
          eid = {3},
        pages = {3},
          doi = {10.3847/1538-4365/ab929e},
archivePrefix = {arXiv},
       eprint = {1912.02905},
 primaryClass = {astro-ph.GA},
       adsurl = {https://ui.adsabs.harvard.edu/abs/2020ApJS..249....3A},
      adsnote = {Provided by the SAO/NASA Astrophysics Data System}
}

@ARTICLE{2019ApJS..240...23A,
       author = {{Aguado}, D.~S. and {Ahumada}, Romina and {Almeida}, Andr{\'e}s and {Anderson}, Scott F. and {Andrews}, Brett H. and {Anguiano}, Borja and {Aquino Ort{\'\i}z}, Erik and {Arag{\'o}n-Salamanca}, Alfonso and {Argudo-Fern{\'a}ndez}, Maria and {Aubert}, Marie and {Avila-Reese}, Vladimir and {Badenes}, Carles and {Barboza Rembold}, Sandro and {Barger}, Kat and {Barrera-Ballesteros}, Jorge and {Bates}, Dominic and {Bautista}, Julian and {Beaton}, Rachael L. and {Beers}, Timothy C. and {Belfiore}, Francesco and {Bernardi}, Mariangela and {Bershady}, Matthew and {Beutler}, Florian and {Bird}, Jonathan and {Bizyaev}, Dmitry and {Blanc}, Guillermo A. and {Blanton}, Michael R. and {Blomqvist}, Michael and {Bolton}, Adam S. and {Boquien}, M{\'e}d{\'e}ric and {Borissova}, Jura and {Bovy}, Jo and {Brandt}, William Nielsen and {Brinkmann}, Jonathan and {Brownstein}, Joel R. and {Bundy}, Kevin and {Burgasser}, Adam and {Byler}, Nell and {Cano Diaz}, Mariana and {Cappellari}, Michele and {Carrera}, Ricardo and {Cervantes Sodi}, Bernardo and {Chen}, Yanping and {Cherinka}, Brian and {Choi}, Peter Doohyun and {Chung}, Haeun and {Coffey}, Damien and {Comerford}, Julia M. and {Comparat}, Johan and {Covey}, Kevin and {da Silva Ilha}, Gabriele and {da Costa}, Luiz and {Dai}, Yu Sophia and {Damke}, Guillermo and {Darling}, Jeremy and {Davies}, Roger and {Dawson}, Kyle and {de Sainte Agathe}, Victoria and {Deconto Machado}, Alice and {Del Moro}, Agnese and {De Lee}, Nathan and {Diamond-Stanic}, Aleksandar M. and {Dom{\'\i}nguez S{\'a}nchez}, Helena and {Donor}, John and {Drory}, Niv and {du Mas des Bourboux}, H{\'e}lion and {Duckworth}, Chris and {Dwelly}, Tom and {Ebelke}, Garrett and {Emsellem}, Eric and {Escoffier}, Stephanie and {Fern{\'a}ndez-Trincado}, Jos{\'e} G. and {Feuillet}, Diane and {Fischer}, Johanna-Laina and {Fleming}, Scott W. and {Fraser-McKelvie}, Amelia and {Freischlad}, Gordon and {Frinchaboy}, Peter M. and {Fu}, Hai and {Galbany}, Llu{\'\i}s and {Garcia-Dias}, Rafael and {Garc{\'\i}a-Hern{\'a}ndez}, D.~A. and {Garma Oehmichen}, Luis Alberto and {Geimba Maia}, Marcio Antonio and {Gil-Mar{\'\i}n}, H{\'e}ctor and {Grabowski}, Kathleen and {Gu}, Meng and {Guo}, Hong and {Ha}, Jaewon and {Harrington}, Emily and {Hasselquist}, Sten and {Hayes}, Christian R. and {Hearty}, Fred and {Hernandez Toledo}, Hector and {Hicks}, Harry and {Hogg}, David W. and {Holley-Bockelmann}, Kelly and {Holtzman}, Jon A. and {Hsieh}, Bau-Ching and {Hunt}, Jason A.~S. and {Hwang}, Ho Seong and {Ibarra-Medel}, H{\'e}ctor J. and {Jimenez Angel}, Camilo Eduardo and {Johnson}, Jennifer and {Jones}, Amy and {J{\"o}nsson}, Henrik and {Kinemuchi}, Karen and {Kollmeier}, Juna and {Krawczyk}, Coleman and {Kreckel}, Kathryn and {Kruk}, Sandor and {Lacerna}, Ivan and {Lan}, Ting-Wen and {Lane}, Richard R. and {Law}, David R. and {Lee}, Young-Bae and {Li}, Cheng and {Lian}, Jianhui and {Lin}, Lihwai and {Lin}, Yen-Ting and {Lintott}, Chris and {Long}, Dan and {Longa-Pe{\~n}a}, Pen{\'e}lope and {Mackereth}, J. Ted and {de la Macorra}, Axel and {Majewski}, Steven R. and {Malanushenko}, Olena and {Manchado}, Arturo and {Maraston}, Claudia and {Mariappan}, Vivek and {Marinelli}, Mariarosa and {Marques-Chaves}, Rui and {Masseron}, Thomas and {Masters}, Karen L. and {McDermid}, Richard M. and {Medina Pe{\~n}a}, Nicol{\'a}s and {Meneses-Goytia}, Sofia and {Merloni}, Andrea and {Merrifield}, Michael and {Meszaros}, Szabolcs and {Minniti}, Dante and {Minsley}, Rebecca and {Muna}, Demitri and {Myers}, Adam D. and {Nair}, Preethi and {Correa do Nascimento}, Janaina and {Newman}, Jeffrey A. and {Nitschelm}, Christian and {Olmstead}, Matthew D. and {Oravetz}, Audrey and {Oravetz}, Daniel and {Ortega Minakata}, Ren{\'e} A. and {Pace}, Zach and {Padilla}, Nelson and {Palicio}, Pedro A. and {Pan}, Kaike and {Pan}, Hsi-An and {Parikh}, Taniya and {Parker}, James, III and {Peirani}, Sebastien and {Penny}, Samantha and {Percival}, Will J. and {Perez-Fournon}, Ismael and {Peterken}, Thomas and {Pinsonneault}, Marc H. and {Prakash}, Abhishek and {Raddick}, M. Jordan and {Raichoor}, Anand and {Riffel}, Rogemar A. and {Riffel}, Rog{\'e}rio and {Rix}, Hans-Walter and {Robin}, Annie C. and {Roman-Lopes}, Alexandre and {Rose}, Benjamin and {Ross}, Ashley J. and {Rossi}, Graziano and {Rowlands}, Kate and {Rubin}, Kate H.~R. and {S{\'a}nchez}, Sebasti{\'a}n F. and {S{\'a}nchez-Gallego}, Jos{\'e} R. and {Sayres}, Conor and {Schaefer}, Adam and {Schiavon}, Ricardo P. and {Schimoia}, Jaderson S. and {Schlafly}, Edward and {Schlegel}, David and {Schneider}, Donald P. and {Schultheis}, Mathias and {Seo}, Hee-Jong and {Shamsi}, Shoaib J. and {Shao}, Zhengyi and {Shen}, Shiyin and {Shetty}, Shravan and {Simonian}, Gregory and {Smethurst}, Rebecca J. and {Sobeck}, Jennifer and {Souter}, Barbara J. and {Spindler}, Ashley and {Stark}, David V. and {Stassun}, Keivan G. and {Steinmetz}, Matthias and {Storchi-Bergmann}, Thaisa and {Stringfellow}, Guy S. and {Su{\'a}rez}, Genaro and {Sun}, Jing and {Taghizadeh-Popp}, Manuchehr and {Talbot}, Michael S. and {Tayar}, Jamie and {Thakar}, Aniruddha R. and {Thomas}, Daniel and {Tissera}, Patricia and {Tojeiro}, Rita and {Troup}, Nicholas W. and {Unda-Sanzana}, Eduardo and {Valenzuela}, Octavio and {Vargas-Maga{\~n}a}, Mariana and {V{\'a}zquez-Mata}, Jos{\'e} Antonio and {Wake}, David and {Weaver}, Benjamin Alan and {Weijmans}, Anne-Marie and {Westfall}, Kyle B. and {Wild}, Vivienne and {Wilson}, John and {Woods}, Emily and {Yan}, Renbin and {Yang}, Meng and {Zamora}, Olga and {Zasowski}, Gail and {Zhang}, Kai and {Zheng}, Zheng and {Zheng}, Zheng and {Zhu}, Guangtun and {Zinn}, Joel C. and {Zou}, Hu},
        title = "{The Fifteenth Data Release of the Sloan Digital Sky Surveys: First Release of MaNGA-derived Quantities, Data Visualization Tools, and Stellar Library}",
      journal = {\apjs},
     keywords = {atlases, catalogs, surveys, Astrophysics - Instrumentation and Methods for Astrophysics},
         year = 2019,
        month = feb,
       volume = {240},
       number = {2},
          eid = {23},
        pages = {23},
          doi = {10.3847/1538-4365/aaf651},
archivePrefix = {arXiv},
       eprint = {1812.02759},
 primaryClass = {astro-ph.IM},
       adsurl = {https://ui.adsabs.harvard.edu/abs/2019ApJS..240...23A},
      adsnote = {Provided by the SAO/NASA Astrophysics Data System}
}

@ARTICLE{2018ApJS..235...42A,
   author = {{Abolfathi}, B. and {Aguado}, D.~S. and {Aguilar}, G. and {Allende Prieto}, C. and 
	{Almeida}, A. and {Tasnim Ananna}, T. and {Anders}, F. and {Anderson}, S.~F. and 
	{Andrews}, B.~H. and {Anguiano}, B. and et al.},
    title = "{The Fourteenth Data Release of the Sloan Digital Sky Survey: First Spectroscopic Data from the Extended Baryon Oscillation Spectroscopic Survey and from the Second Phase of the Apache Point Observatory Galactic Evolution Experiment}",
  journal = {\apjs},
archivePrefix = "arXiv",
   eprint = {1707.09322},
 keywords = {atlases, catalogs, surveys },
     year = 2018,
    month = apr,
   volume = 235,
      eid = {42},
    pages = {42},
      doi = {10.3847/1538-4365/aa9e8a},
   adsurl = {http://adsabs.harvard.edu/abs/2018ApJS..235...42A},
  adsnote = {Provided by the SAO/NASA Astrophysics Data System}
}

@ARTICLE{2017ApJS..233...25A,
   author = {{Albareti}, F.~D. and {Allende Prieto}, C. and {Almeida}, A. and 
	{Anders}, F. and {Anderson}, S. and {Andrews}, B.~H. and {Arag{\'o}n-Salamanca}, A. and 
	{Argudo-Fern{\'a}ndez}, M. and {Armengaud}, E. and {Aubourg}, E. and et al.},
    title = "{The 13th Data Release of the Sloan Digital Sky Survey: First Spectroscopic Data from the SDSS-IV Survey Mapping Nearby Galaxies at Apache Point Observatory}",
  journal = {\apjs},
archivePrefix = "arXiv",
   eprint = {1608.02013},
 keywords = {atlases, catalogs, surveys },
     year = 2017,
    month = dec,
   volume = 233,
      eid = {25},
    pages = {25},
      doi = {10.3847/1538-4365/aa8992},
   adsurl = {http://adsabs.harvard.edu/abs/2017ApJS..233...25A},
  adsnote = {Provided by the SAO/NASA Astrophysics Data System}
}

@ARTICLE{2015ApJS..219...12A,
   author = {{Alam}, S. and {Albareti}, F.~D. and {Allende Prieto}, C. and 
	{Anders}, F. and {Anderson}, S.~F. and {Anderton}, T. and {Andrews}, B.~H. and 
	{Armengaud}, E. and {Aubourg}, {\'E}. and {Bailey}, S. and et al.},
    title = "{The Eleventh and Twelfth Data Releases of the Sloan Digital Sky Survey: Final Data from SDSS-III}",
  journal = {\apjs},
archivePrefix = "arXiv",
   eprint = {1501.00963},
 primaryClass = "astro-ph.IM",
 keywords = {atlases, catalogs, surveys},
     year = 2015,
    month = jul,
   volume = 219,
      eid = {12},
    pages = {12},
      doi = {10.1088/0067-0049/219/1/12},
   adsurl = {http://adsabs.harvard.edu/abs/2015ApJS..219...12A},
  adsnote = {Provided by the SAO/NASA Astrophysics Data System}
}

@ARTICLE{2014ApJS..211...17A,
   author = {{Ahn}, C.~P. and {Alexandroff}, R. and {Allende Prieto}, C. and 
	{Anders}, F. and {Anderson}, S.~F. and {Anderton}, T. and {Andrews}, B.~H. and 
	{Aubourg}, {\'E}. and {Bailey}, S. and {Bastien}, F.~A. and et al.},
    title = "{The Tenth Data Release of the Sloan Digital Sky Survey: First Spectroscopic Data from the SDSS-III Apache Point Observatory Galactic Evolution Experiment}",
  journal = {\apjs},
archivePrefix = "arXiv",
   eprint = {1307.7735},
 primaryClass = "astro-ph.IM",
 keywords = {atlases, catalogs, surveys},
     year = 2014,
    month = apr,
   volume = 211,
      eid = {17},
    pages = {17},
      doi = {10.1088/0067-0049/211/2/17},
   adsurl = {http://adsabs.harvard.edu/abs/2014ApJS..211...17A},
  adsnote = {Provided by the SAO/NASA Astrophysics Data System}
}

@ARTICLE{2012ApJS..203...21A,
   author = {{Ahn}, C.~P. and {Alexandroff}, R. and {Allende Prieto}, C. and 
	{Anderson}, S.~F. and {Anderton}, T. and {Andrews}, B.~H. and 
	{Aubourg}, {\'E}. and {Bailey}, S. and {Balbinot}, E. and {Barnes}, R. and et al.},
    title = "{The Ninth Data Release of the Sloan Digital Sky Survey: First Spectroscopic Data from the SDSS-III Baryon Oscillation Spectroscopic Survey}",
  journal = {\apjs},
archivePrefix = "arXiv",
   eprint = {1207.7137},
 primaryClass = "astro-ph.IM",
 keywords = {atlases, catalogs, surveys },
     year = 2012,
    month = dec,
   volume = 203,
      eid = {21},
    pages = {21},
      doi = {10.1088/0067-0049/203/2/21},
   adsurl = {http://adsabs.harvard.edu/abs/2012ApJS..203...21A},
  adsnote = {Provided by the SAO/NASA Astrophysics Data System}
}

@ARTICLE{2011ApJS..193...29A,
   author = {{Aihara}, H. and {Allende Prieto}, C. and {An}, D. and {Anderson}, S.~F. and 
	{Aubourg}, {\'E}. and {Balbinot}, E. and {Beers}, T.~C. and 
	{Berlind}, A.~A. and {Bickerton}, S.~J. and {Bizyaev}, D. and 
	{Blanton}, M.~R. and {Bochanski}, J.~J. and {Bolton}, A.~S. and 
	{Bovy}, J. and {Brandt}, W.~N. and {Brinkmann}, J. and {Brown}, P.~J. and 
	{Brownstein}, J.~R. and {Busca}, N.~G. and {Campbell}, H. and 
	{Carr}, M.~A. and {Chen}, Y. and {Chiappini}, C. and {Comparat}, J. and 
	{Connolly}, N. and {Cortes}, M. and {Croft}, R.~A.~C. and {Cuesta}, A.~J. and 
	{da Costa}, L.~N. and {Davenport}, J.~R.~A. and {Dawson}, K. and 
	{Dhital}, S. and {Ealet}, A. and {Ebelke}, G.~L. and {Edmondson}, E.~M. and 
	{Eisenstein}, D.~J. and {Escoffier}, S. and {Esposito}, M. and 
	{Evans}, M.~L. and {Fan}, X. and {Femen{\'{\i}}a Castell{\'a}}, B. and 
	{Font-Ribera}, A. and {Frinchaboy}, P.~M. and {Ge}, J. and {Gillespie}, B.~A. and 
	{Gilmore}, G. and {Gonz{\'a}lez Hern{\'a}ndez}, J.~I. and {Gott}, J.~R. and 
	{Gould}, A. and {Grebel}, E.~K. and {Gunn}, J.~E. and {Hamilton}, J.-C. and 
	{Harding}, P. and {Harris}, D.~W. and {Hawley}, S.~L. and {Hearty}, F.~R. and 
	{Ho}, S. and {Hogg}, D.~W. and {Holtzman}, J.~A. and {Honscheid}, K. and 
	{Inada}, N. and {Ivans}, I.~I. and {Jiang}, L. and {Johnson}, J.~A. and 
	{Jordan}, C. and {Jordan}, W.~P. and {Kazin}, E.~A. and {Kirkby}, D. and 
	{Klaene}, M.~A. and {Knapp}, G.~R. and {Kneib}, J.-P. and {Kochanek}, C.~S. and 
	{Koesterke}, L. and {Kollmeier}, J.~A. and {Kron}, R.~G. and 
	{Lampeitl}, H. and {Lang}, D. and {Le Goff}, J.-M. and {Lee}, Y.~S. and 
	{Lin}, Y.-T. and {Long}, D.~C. and {Loomis}, C.~P. and {Lucatello}, S. and 
	{Lundgren}, B. and {Lupton}, R.~H. and {Ma}, Z. and {MacDonald}, N. and 
	{Mahadevan}, S. and {Maia}, M.~A.~G. and {Makler}, M. and {Malanushenko}, E. and 
	{Malanushenko}, V. and {Mandelbaum}, R. and {Maraston}, C. and 
	{Margala}, D. and {Masters}, K.~L. and {McBride}, C.~K. and 
	{McGehee}, P.~M. and {McGreer}, I.~D. and {M{\'e}nard}, B. and 
	{Miralda-Escud{\'e}}, J. and {Morrison}, H.~L. and {Mullally}, F. and 
	{Muna}, D. and {Munn}, J.~A. and {Murayama}, H. and {Myers}, A.~D. and 
	{Naugle}, T. and {Neto}, A.~F. and {Nguyen}, D.~C. and {Nichol}, R.~C. and 
	{O'Connell}, R.~W. and {Ogando}, R.~L.~C. and {Olmstead}, M.~D. and 
	{Oravetz}, D.~J. and {Padmanabhan}, N. and {Palanque-Delabrouille}, N. and 
	{Pan}, K. and {Pandey}, P. and {P{\^a}ris}, I. and {Percival}, W.~J. and 
	{Petitjean}, P. and {Pfaffenberger}, R. and {Pforr}, J. and 
	{Phleps}, S. and {Pichon}, C. and {Pieri}, M.~M. and {Prada}, F. and 
	{Price-Whelan}, A.~M. and {Raddick}, M.~J. and {Ramos}, B.~H.~F. and 
	{Reyl{\'e}}, C. and {Rich}, J. and {Richards}, G.~T. and {Rix}, H.-W. and 
	{Robin}, A.~C. and {Rocha-Pinto}, H.~J. and {Rockosi}, C.~M. and 
	{Roe}, N.~A. and {Rollinde}, E. and {Ross}, A.~J. and {Ross}, N.~P. and 
	{Rossetto}, B.~M. and {S{\'a}nchez}, A.~G. and {Sayres}, C. and 
	{Schlegel}, D.~J. and {Schlesinger}, K.~J. and {Schmidt}, S.~J. and 
	{Schneider}, D.~P. and {Sheldon}, E. and {Shu}, Y. and {Simmerer}, J. and 
	{Simmons}, A.~E. and {Sivarani}, T. and {Snedden}, S.~A. and 
	{Sobeck}, J.~S. and {Steinmetz}, M. and {Strauss}, M.~A. and 
	{Szalay}, A.~S. and {Tanaka}, M. and {Thakar}, A.~R. and {Thomas}, D. and 
	{Tinker}, J.~L. and {Tofflemire}, B.~M. and {Tojeiro}, R. and 
	{Tremonti}, C.~A. and {Vandenberg}, J. and {Vargas Maga{\~n}a}, M. and 
	{Verde}, L. and {Vogt}, N.~P. and {Wake}, D.~A. and {Wang}, J. and 
	{Weaver}, B.~A. and {Weinberg}, D.~H. and {White}, M. and {White}, S.~D.~M. and 
	{Yanny}, B. and {Yasuda}, N. and {Yeche}, C. and {Zehavi}, I.
	},
    title = "{The Eighth Data Release of the Sloan Digital Sky Survey: First Data from SDSS-III}",
  journal = {\apjs},
archivePrefix = "arXiv",
   eprint = {1101.1559},
 primaryClass = "astro-ph.IM",
 keywords = {atlases, catalogs, surveys},
     year = 2011,
    month = apr,
   volume = 193,
      eid = {29},
    pages = {29},
      doi = {10.1088/0067-0049/193/2/29},
   adsurl = {http://adsabs.harvard.edu/abs/2011ApJS..193...29A},
  adsnote = {Provided by the SAO/NASA Astrophysics Data System}
}

@ARTICLE{2009ApJS..182..543A,
   author = {{Abazajian}, K.~N. and {Adelman-McCarthy}, J.~K. and {Ag{\"u}eros}, M.~A. and 
	{Allam}, S.~S. and {Allende Prieto}, C. and {An}, D. and {Anderson}, K.~S.~J. and 
	{Anderson}, S.~F. and {Annis}, J. and {Bahcall}, N.~A. and et al.},
    title = "{The Seventh Data Release of the Sloan Digital Sky Survey}",
  journal = {\apjs},
archivePrefix = "arXiv",
   eprint = {0812.0649},
 keywords = {atlases, catalogs, surveys},
     year = 2009,
    month = jun,
   volume = 182,
      eid = {543-558},
    pages = {543-558},
      doi = {10.1088/0067-0049/182/2/543},
   adsurl = {http://adsabs.harvard.edu/abs/2009ApJS..182..543A},
  adsnote = {Provided by the SAO/NASA Astrophysics Data System}
}

@ARTICLE{2008ApJS..175..297A,
   author = {{Adelman-McCarthy}, J.~K. and {Ag{\"u}eros}, M.~A. and {Allam}, S.~S. and 
	{Allende Prieto}, C. and {Anderson}, K.~S.~J. and {Anderson}, S.~F. and 
	{Annis}, J. and {Bahcall}, N.~A. and {Bailer-Jones}, C.~A.~L. and 
	{Baldry}, I.~K. and {Barentine}, J.~C. and {Bassett}, B.~A. and 
	{Becker}, A.~C. and {Beers}, T.~C. and {Bell}, E.~F. and {Berlind}, A.~A. and 
	{Bernardi}, M. and {Blanton}, M.~R. and {Bochanski}, J.~J. and 
	{Boroski}, W.~N. and {Brinchmann}, J. and {Brinkmann}, J. and 
	{Brunner}, R.~J. and {Budav{\'a}ri}, T. and {Carliles}, S. and 
	{Carr}, M.~A. and {Castander}, F.~J. and {Cinabro}, D. and {Cool}, R.~J. and 
	{Covey}, K.~R. and {Csabai}, I. and {Cunha}, C.~E. and {Davenport}, J.~R.~A. and 
	{Dilday}, B. and {Doi}, M. and {Eisenstein}, D.~J. and {Evans}, M.~L. and 
	{Fan}, X. and {Finkbeiner}, D.~P. and {Friedman}, S.~D. and 
	{Frieman}, J.~A. and {Fukugita}, M. and {G{\"a}nsicke}, B.~T. and 
	{Gates}, E. and {Gillespie}, B. and {Glazebrook}, K. and {Gray}, J. and 
	{Grebel}, E.~K. and {Gunn}, J.~E. and {Gurbani}, V.~K. and {Hall}, P.~B. and 
	{Harding}, P. and {Harvanek}, M. and {Hawley}, S.~L. and {Hayes}, J. and 
	{Heckman}, T.~M. and {Hendry}, J.~S. and {Hindsley}, R.~B. and 
	{Hirata}, C.~M. and {Hogan}, C.~J. and {Hogg}, D.~W. and {Hyde}, J.~B. and 
	{Ichikawa}, S.-i. and {Ivezi{\'c}}, {\v Z}. and {Jester}, S. and 
	{Johnson}, J.~A. and {Jorgensen}, A.~M. and {Juri{\'c}}, M. and 
	{Kent}, S.~M. and {Kessler}, R. and {Kleinman}, S.~J. and {Knapp}, G.~R. and 
	{Kron}, R.~G. and {Krzesinski}, J. and {Kuropatkin}, N. and 
	{Lamb}, D.~Q. and {Lampeitl}, H. and {Lebedeva}, S. and {Lee}, Y.~S. and 
	{French Leger}, R. and {L{\'e}pine}, S. and {Lima}, M. and {Lin}, H. and 
	{Long}, D.~C. and {Loomis}, C.~P. and {Loveday}, J. and {Lupton}, R.~H. and 
	{Malanushenko}, O. and {Malanushenko}, V. and {Mandelbaum}, R. and 
	{Margon}, B. and {Marriner}, J.~P. and {Mart{\'{\i}}nez-Delgado}, D. and 
	{Matsubara}, T. and {McGehee}, P.~M. and {McKay}, T.~A. and 
	{Meiksin}, A. and {Morrison}, H.~L. and {Munn}, J.~A. and {Nakajima}, R. and 
	{Neilsen}, Jr., E.~H. and {Newberg}, H.~J. and {Nichol}, R.~C. and 
	{Nicinski}, T. and {Nieto-Santisteban}, M. and {Nitta}, A. and 
	{Okamura}, S. and {Owen}, R. and {Oyaizu}, H. and {Padmanabhan}, N. and 
	{Pan}, K. and {Park}, C. and {Peoples}, Jr., J. and {Pier}, J.~R. and 
	{Pope}, A.~C. and {Purger}, N. and {Raddick}, M.~J. and {Re Fiorentin}, P. and 
	{Richards}, G.~T. and {Richmond}, M.~W. and {Riess}, A.~G. and 
	{Rix}, H.-W. and {Rockosi}, C.~M. and {Sako}, M. and {Schlegel}, D.~J. and 
	{Schneider}, D.~P. and {Schreiber}, M.~R. and {Schwope}, A.~D. and 
	{Seljak}, U. and {Sesar}, B. and {Sheldon}, E. and {Shimasaku}, K. and 
	{Sivarani}, T. and {Allyn Smith}, J. and {Snedden}, S.~A. and 
	{Steinmetz}, M. and {Strauss}, M.~A. and {SubbaRao}, M. and 
	{Suto}, Y. and {Szalay}, A.~S. and {Szapudi}, I. and {Szkody}, P. and 
	{Tegmark}, M. and {Thakar}, A.~R. and {Tremonti}, C.~A. and 
	{Tucker}, D.~L. and {Uomoto}, A. and {Vanden Berk}, D.~E. and 
	{Vandenberg}, J. and {Vidrih}, S. and {Vogeley}, M.~S. and {Voges}, W. and 
	{Vogt}, N.~P. and {Wadadekar}, Y. and {Weinberg}, D.~H. and 
	{West}, A.~A. and {White}, S.~D.~M. and {Wilhite}, B.~C. and 
	{Yanny}, B. and {Yocum}, D.~R. and {York}, D.~G. and {Zehavi}, I. and 
	{Zucker}, D.~B.},
    title = "{The Sixth Data Release of the Sloan Digital Sky Survey}",
  journal = {\apjs},
archivePrefix = "arXiv",
   eprint = {0707.3413},
 keywords = {atlases, catalogs, surveys },
     year = 2008,
    month = apr,
   volume = 175,
      eid = {297-313},
    pages = {297-313},
      doi = {10.1086/524984},
   adsurl = {http://adsabs.harvard.edu/abs/2008ApJS..175..297A},
  adsnote = {Provided by the SAO/NASA Astrophysics Data System}
}

@ARTICLE{2007ApJS..172..634A,
   author = {{Adelman-McCarthy}, J.~K. and {Ag{\"u}eros}, M.~A. and {Allam}, S.~S. and 
	{Anderson}, K.~S.~J. and {Anderson}, S.~F. and {Annis}, J. and 
	{Bahcall}, N.~A. and {Bailer-Jones}, C.~A.~L. and {Baldry}, I.~K. and 
	{Barentine}, J.~C. and {Beers}, T.~C. and {Belokurov}, V. and 
	{Berlind}, A. and {Bernardi}, M. and {Blanton}, M.~R. and {Bochanski}, J.~J. and 
	{Boroski}, W.~N. and {Bramich}, D.~M. and {Brewington}, H.~J. and 
	{Brinchmann}, J. and {Brinkmann}, J. and {Brunner}, R.~J. and 
	{Budav{\'a}ri}, T. and {Carey}, L.~N. and {Carliles}, S. and 
	{Carr}, M.~A. and {Castander}, F.~J. and {Connolly}, A.~J. and 
	{Cool}, R.~J. and {Cunha}, C.~E. and {Csabai}, I. and {Dalcanton}, J.~J. and 
	{Doi}, M. and {Eisenstein}, D.~J. and {Evans}, M.~L. and {Evans}, N.~W. and 
	{Fan}, X. and {Finkbeiner}, D.~P. and {Friedman}, S.~D. and 
	{Frieman}, J.~A. and {Fukugita}, M. and {Gillespie}, B. and 
	{Gilmore}, G. and {Glazebrook}, K. and {Gray}, J. and {Grebel}, E.~K. and 
	{Gunn}, J.~E. and {de Haas}, E. and {Hall}, P.~B. and {Harvanek}, M. and 
	{Hawley}, S.~L. and {Hayes}, J. and {Heckman}, T.~M. and {Hendry}, J.~S. and 
	{Hennessy}, G.~S. and {Hindsley}, R.~B. and {Hirata}, C.~M. and 
	{Hogan}, C.~J. and {Hogg}, D.~W. and {Holtzman}, J.~A. and {Ichikawa}, S.-i. and 
	{Ichikawa}, T. and {Ivezi{\'c}}, {\v Z}. and {Jester}, S. and 
	{Johnston}, D.~E. and {Jorgensen}, A.~M. and {Juri{\'c}}, M. and 
	{Kauffmann}, G. and {Kent}, S.~M. and {Kleinman}, S.~J. and 
	{Knapp}, G.~R. and {Kniazev}, A.~Y. and {Kron}, R.~G. and {Krzesinski}, J. and 
	{Kuropatkin}, N. and {Lamb}, D.~Q. and {Lampeitl}, H. and {Lee}, B.~C. and 
	{Leger}, R.~F. and {Lima}, M. and {Lin}, H. and {Long}, D.~C. and 
	{Loveday}, J. and {Lupton}, R.~H. and {Mandelbaum}, R. and {Margon}, B. and 
	{Mart{\'{\i}}nez-Delgado}, D. and {Matsubara}, T. and {McGehee}, P.~M. and 
	{McKay}, T.~A. and {Meiksin}, A. and {Munn}, J.~A. and {Nakajima}, R. and 
	{Nash}, T. and {Neilsen}, Jr., E.~H. and {Newberg}, H.~J. and 
	{Nichol}, R.~C. and {Nieto-Santisteban}, M. and {Nitta}, A. and 
	{Oyaizu}, H. and {Okamura}, S. and {Ostriker}, J.~P. and {Padmanabhan}, N. and 
	{Park}, C. and {Peoples}, Jr., J. and {Pier}, J.~R. and {Pope}, A.~C. and 
	{Pourbaix}, D. and {Quinn}, T.~R. and {Raddick}, M.~J. and {Re Fiorentin}, P. and 
	{Richards}, G.~T. and {Richmond}, M.~W. and {Rix}, H.-W. and 
	{Rockosi}, C.~M. and {Schlegel}, D.~J. and {Schneider}, D.~P. and 
	{Scranton}, R. and {Seljak}, U. and {Sheldon}, E. and {Shimasaku}, K. and 
	{Silvestri}, N.~M. and {Smith}, J.~A. and {Smol{\v c}i{\'c}}, V. and 
	{Snedden}, S.~A. and {Stebbins}, A. and {Stoughton}, C. and 
	{Strauss}, M.~A. and {SubbaRao}, M. and {Suto}, Y. and {Szalay}, A.~S. and 
	{Szapudi}, I. and {Szkody}, P. and {Tegmark}, M. and {Thakar}, A.~R. and 
	{Tremonti}, C.~A. and {Tucker}, D.~L. and {Uomoto}, A. and {Vanden Berk}, D.~E. and 
	{Vandenberg}, J. and {Vidrih}, S. and {Vogeley}, M.~S. and {Voges}, W. and 
	{Vogt}, N.~P. and {Weinberg}, D.~H. and {West}, A.~A. and {White}, S.~D.~M. and 
	{Wilhite}, B. and {Yanny}, B. and {Yocum}, D.~R. and {York}, D.~G. and 
	{Zehavi}, I. and {Zibetti}, S. and {Zucker}, D.~B.},
    title = "{The Fifth Data Release of the Sloan Digital Sky Survey}",
  journal = {\apjs},
archivePrefix = "arXiv",
   eprint = {0707.3380},
 keywords = {Atlases, Catalogs, Surveys},
     year = 2007,
    month = oct,
   volume = 172,
    pages = {634-644},
      doi = {10.1086/518864},
   adsurl = {http://adsabs.harvard.edu/abs/2007ApJS..172..634A},
  adsnote = {Provided by the SAO/NASA Astrophysics Data System}
}

@ARTICLE{2006ApJS..162...38A,
   author = {{Adelman-McCarthy}, J.~K. and {Ag{\"u}eros}, M.~A. and {Allam}, S.~S. and 
	{Anderson}, K.~S.~J. and {Anderson}, S.~F. and {Annis}, J. and 
	{Bahcall}, N.~A. and {Baldry}, I.~K. and {Barentine}, J.~C. and 
	{Berlind}, A. and {Bernardi}, M. and {Blanton}, M.~R. and {Boroski}, W.~N. and 
	{Brewington}, H.~J. and {Brinchmann}, J. and {Brinkmann}, J. and 
	{Brunner}, R.~J. and {Budav{\'a}ri}, T. and {Carey}, L.~N. and 
	{Carr}, M.~A. and {Castander}, F.~J. and {Connolly}, A.~J. and 
	{Csabai}, I. and {Czarapata}, P.~C. and {Dalcanton}, J.~J. and 
	{Doi}, M. and {Dong}, F. and {Eisenstein}, D.~J. and {Evans}, M.~L. and 
	{Fan}, X. and {Finkbeiner}, D.~P. and {Friedman}, S.~D. and 
	{Frieman}, J.~A. and {Fukugita}, M. and {Gillespie}, B. and 
	{Glazebrook}, K. and {Gray}, J. and {Grebel}, E.~K. and {Gunn}, J.~E. and 
	{Gurbani}, V.~K. and {de Haas}, E. and {Hall}, P.~B. and {Harris}, F.~H. and 
	{Harvanek}, M. and {Hawley}, S.~L. and {Hayes}, J. and {Hendry}, J.~S. and 
	{Hennessy}, G.~S. and {Hindsley}, R.~B. and {Hirata}, C.~M. and 
	{Hogan}, C.~J. and {Hogg}, D.~W. and {Holmgren}, D.~J. and {Holtzman}, J.~A. and 
	{Ichikawa}, S.-i. and {Ivezi{\'c}}, {\v Z}. and {Jester}, S. and 
	{Johnston}, D.~E. and {Jorgensen}, A.~M. and {Juri{\'c}}, M. and 
	{Kent}, S.~M. and {Kleinman}, S.~J. and {Knapp}, G.~R. and {Kniazev}, A.~Y. and 
	{Kron}, R.~G. and {Krzesinski}, J. and {Kuropatkin}, N. and 
	{Lamb}, D.~Q. and {Lampeitl}, H. and {Lee}, B.~C. and {Leger}, R.~F. and 
	{Lin}, H. and {Long}, D.~C. and {Loveday}, J. and {Lupton}, R.~H. and 
	{Margon}, B. and {Mart{\'{\i}}nez-Delgado}, D. and {Mandelbaum}, R. and 
	{Matsubara}, T. and {McGehee}, P.~M. and {McKay}, T.~A. and 
	{Meiksin}, A. and {Munn}, J.~A. and {Nakajima}, R. and {Nash}, T. and 
	{Neilsen}, Jr., E.~H. and {Newberg}, H.~J. and {Newman}, P.~R. and 
	{Nichol}, R.~C. and {Nicinski}, T. and {Nieto-Santisteban}, M. and 
	{Nitta}, A. and {O'Mullane}, W. and {Okamura}, S. and {Owen}, R. and 
	{Padmanabhan}, N. and {Pauls}, G. and {Peoples}, Jr., J. and 
	{Pier}, J.~R. and {Pope}, A.~C. and {Pourbaix}, D. and {Quinn}, T.~R. and 
	{Richards}, G.~T. and {Richmond}, M.~W. and {Rockosi}, C.~M. and 
	{Schlegel}, D.~J. and {Schneider}, D.~P. and {Schroeder}, J. and 
	{Scranton}, R. and {Seljak}, U. and {Sheldon}, E. and {Shimasaku}, K. and 
	{Smith}, J.~A. and {Smol{\v c}i{\'c}}, V. and {Snedden}, S.~A. and 
	{Stoughton}, C. and {Strauss}, M.~A. and {SubbaRao}, M. and 
	{Szalay}, A.~S. and {Szapudi}, I. and {Szkody}, P. and {Tegmark}, M. and 
	{Thakar}, A.~R. and {Tucker}, D.~L. and {Uomoto}, A. and {Vanden Berk}, D.~E. and 
	{Vandenberg}, J. and {Vogeley}, M.~S. and {Voges}, W. and {Vogt}, N.~P. and 
	{Walkowicz}, L.~M. and {Weinberg}, D.~H. and {West}, A.~A. and 
	{White}, S.~D.~M. and {Xu}, Y. and {Yanny}, B. and {Yocum}, D.~R. and 
	{York}, D.~G. and {Zehavi}, I. and {Zibetti}, S. and {Zucker}, D.~B.
	},
    title = "{The Fourth Data Release of the Sloan Digital Sky Survey}",
  journal = {\apjs},
   eprint = {astro-ph/0507711},
 keywords = {Atlases, Catalogs, Surveys},
     year = 2006,
    month = jan,
   volume = 162,
    pages = {38-48},
      doi = {10.1086/497917},
   adsurl = {http://adsabs.harvard.edu/abs/2006ApJS..162...38A},
  adsnote = {Provided by the SAO/NASA Astrophysics Data System}
}

@ARTICLE{2005AJ....129.1755A,
   author = {{Abazajian}, K. and {Adelman-McCarthy}, J.~K. and {Ag{\"u}eros}, M.~A. and 
	{Allam}, S.~S. and {Anderson}, K.~S.~J. and {Anderson}, S.~F. and 
	{Annis}, J. and {Bahcall}, N.~A. and {Baldry}, I.~K. and {Bastian}, S. and 
	{Berlind}, A. and {Bernardi}, M. and {Blanton}, M.~R. and {Bochanski}, Jr., J.~J. and 
	{Boroski}, W.~N. and {Brewington}, H.~J. and {Briggs}, J.~W. and 
	{Brinkmann}, J. and {Brunner}, R.~J. and {Budav{\'a}ri}, T. and 
	{Carey}, L.~N. and {Castander}, F.~J. and {Connolly}, A.~J. and 
	{Covey}, K.~R. and {Csabai}, I. and {Dalcanton}, J.~J. and {Doi}, M. and 
	{Dong}, F. and {Eisenstein}, D.~J. and {Evans}, M.~L. and {Fan}, X. and 
	{Finkbeiner}, D.~P. and {Friedman}, S.~D. and {Frieman}, J.~A. and 
	{Fukugita}, M. and {Gillespie}, B. and {Glazebrook}, K. and 
	{Gray}, J. and {Grebel}, E.~K. and {Gunn}, J.~E. and {Gurbani}, V.~K. and 
	{Hall}, P.~B. and {Hamabe}, M. and {Harbeck}, D. and {Harris}, F.~H. and 
	{Harris}, H.~C. and {Harvanek}, M. and {Hawley}, S.~L. and {Hayes}, J. and 
	{Heckman}, T.~M. and {Hendry}, J.~S. and {Hennessy}, G.~S. and 
	{Hindsley}, R.~B. and {Hogan}, C.~J. and {Hogg}, D.~W. and {Holmgren}, D.~J. and 
	{Holtzman}, J.~A. and {Ichikawa}, S.-i. and {Ichikawa}, T. and 
	{Ivezi{\'c}}, {\v Z}. and {Jester}, S. and {Johnston}, D.~E. and 
	{Jorgensen}, A.~M. and {Juri{\'c}}, M. and {Kent}, S.~M. and 
	{Kleinman}, S.~J. and {Knapp}, G.~R. and {Kniazev}, A.~Y. and 
	{Kron}, R.~G. and {Krzesinski}, J. and {Lamb}, D.~Q. and {Lampeitl}, H. and 
	{Lee}, B.~C. and {Lin}, H. and {Long}, D.~C. and {Loveday}, J. and 
	{Lupton}, R.~H. and {Mannery}, E. and {Margon}, B. and {Mart{\'{\i}}nez-Delgado}, D. and 
	{Matsubara}, T. and {McGehee}, P.~M. and {McKay}, T.~A. and 
	{Meiksin}, A. and {M{\'e}nard}, B. and {Munn}, J.~A. and {Nash}, T. and 
	{Neilsen}, Jr., E.~H. and {Newberg}, H.~J. and {Newman}, P.~R. and 
	{Nichol}, R.~C. and {Nicinski}, T. and {Nieto-Santisteban}, M. and 
	{Nitta}, A. and {Okamura}, S. and {O'Mullane}, W. and {Owen}, R. and 
	{Padmanabhan}, N. and {Pauls}, G. and {Peoples}, J. and {Pier}, J.~R. and 
	{Pope}, A.~C. and {Pourbaix}, D. and {Quinn}, T.~R. and {Raddick}, M.~J. and 
	{Richards}, G.~T. and {Richmond}, M.~W. and {Rix}, H.-W. and 
	{Rockosi}, C.~M. and {Schlegel}, D.~J. and {Schneider}, D.~P. and 
	{Schroeder}, J. and {Scranton}, R. and {Sekiguchi}, M. and {Sheldon}, E. and 
	{Shimasaku}, K. and {Silvestri}, N.~M. and {Smith}, J.~A. and 
	{Smol{\v c}i{\'c}}, V. and {Snedden}, S.~A. and {Stebbins}, A. and 
	{Stoughton}, C. and {Strauss}, M.~A. and {SubbaRao}, M. and 
	{Szalay}, A.~S. and {Szapudi}, I. and {Szkody}, P. and {Szokoly}, G.~P. and 
	{Tegmark}, M. and {Teodoro}, L. and {Thakar}, A.~R. and {Tremonti}, C. and 
	{Tucker}, D.~L. and {Uomoto}, A. and {Vanden Berk}, D.~E. and 
	{Vandenberg}, J. and {Vogeley}, M.~S. and {Voges}, W. and {Vogt}, N.~P. and 
	{Walkowicz}, L.~M. and {Wang}, S.-i. and {Weinberg}, D.~H. and 
	{West}, A.~A. and {White}, S.~D.~M. and {Wilhite}, B.~C. and 
	{Xu}, Y. and {Yanny}, B. and {Yasuda}, N. and {Yip}, C.-W. and 
	{Yocum}, D.~R. and {York}, D.~G. and {Zehavi}, I. and {Zibetti}, S. and 
	{Zucker}, D.~B.},
    title = "{The Third Data Release of the Sloan Digital Sky Survey}",
  journal = {\aj},
   eprint = {astro-ph/0410239},
 keywords = {Atlases, Catalogs, Surveys},
     year = 2005,
    month = mar,
   volume = 129,
    pages = {1755-1759},
      doi = {10.1086/427544},
   adsurl = {http://adsabs.harvard.edu/abs/2005AJ....129.1755A},
  adsnote = {Provided by the SAO/NASA Astrophysics Data System}
}

@ARTICLE{2004AJ....128.2577F,
   author = {{Finkbeiner}, D.~P. and {Padmanabhan}, N. and {Schlegel}, D.~J. and 
	{Carr}, M.~A. and {Gunn}, J.~E. and {Rockosi}, C.~M. and {Sekiguchi}, M. and 
	{Lupton}, R.~H. and {Knapp}, G.~R. and {Ivezi{\'c}}, {\v Z}. and 
	{Blanton}, M.~R. and {Hogg}, D.~W. and {Adelman-McCarthy}, J.~K. and 
	{Annis}, J. and {Hayes}, J. and {Kinney}, E. and {Long}, D.~C. and 
	{Seljak}, U. and {Strauss}, M.~A. and {Yanny}, B. and {Ag{\"u}eros}, M.~A. and 
	{Allam}, S.~S. and {Anderson}, S.~F. and {Bahcall}, N.~A. and 
	{Baldry}, I.~K. and {Bernardi}, M. and {Boroski}, W.~N. and 
	{Briggs}, J.~W. and {Brinkmann}, J. and {Brunner}, R.~J. and 
	{Budav{\'a}ri}, T. and {Castander}, F.~J. and {Covey}, K.~R. and 
	{Csabai}, I. and {Doi}, M. and {Dong}, F. and {Eisenstein}, D.~J. and 
	{Fan}, X. and {Friedman}, S.~D. and {Fukugita}, M. and {Gillespie}, B. and 
	{Grebel}, E.~K. and {Gurbani}, V.~K. and {de Haas}, E. and {Harris}, F.~H. and 
	{Hendry}, J.~S. and {Hennessy}, G.~S. and {Jester}, S. and {Johnston}, D.~E. and 
	{Jorgensen}, A.~M. and {Juri{\'c}}, M. and {Kent}, S.~M. and 
	{Kniazev}, A.~Y. and {Krzesi{\'n}ski}, J. and {Leger}, R.~F. and 
	{Lin}, H. and {Loveday}, J. and {Mannery}, E. and {Mart{\'{\i}}nez-Delgado}, D. and 
	{McGehee}, P.~M. and {Meiksin}, A. and {Munn}, J.~A. and {Neilsen}, Jr., E.~H. and 
	{Newman}, P.~R. and {Nitta}, A. and {Pauls}, G. and {Quinn}, T.~R. and 
	{Rafikov}, R.~R. and {Richards}, G.~T. and {Richmond}, M.~W. and 
	{Schneider}, D.~P. and {Schroeder}, J. and {Shimasaku}, K. and 
	{Siegmund}, W.~A. and {Smith}, J.~A. and {Snedden}, S.~A. and 
	{Stebbins}, A. and {Szalay}, A.~S. and {Szokoly}, G.~P. and 
	{Tegmark}, M. and {Tucker}, D.~L. and {Uomoto}, A. and {Vanden Berk}, D.~E. and 
	{Weinberg}, D.~H. and {West}, A.~A. and {Yasuda}, N. and {Yocum}, D.~R. and 
	{York}, D.~G. and {Zehavi}, I.},
    title = "{Sloan Digital Sky Survey Imaging of Low Galactic Latitude Fields: Technical Summary and Data Release}",
  journal = {\aj},
   eprint = {astro-ph/0409700},
 keywords = {Atlases, Catalogs, Surveys},
     year = 2004,
    month = nov,
   volume = 128,
    pages = {2577-2592},
      doi = {10.1086/425050},
   adsurl = {http://adsabs.harvard.edu/abs/2004AJ....128.2577F},
  adsnote = {Provided by the SAO/NASA Astrophysics Data System}
}

@ARTICLE{2004AJ....128..502A,
   author = {{Abazajian}, K. and {Adelman-McCarthy}, J.~K. and {Ag{\"u}eros}, M.~A. and 
	{Allam}, S.~S. and {Anderson}, K. and {Anderson}, S.~F. and 
	{Annis}, J. and {Bahcall}, N.~A. and {Baldry}, I.~K. and {Bastian}, S. and 
	{Berlind}, A. and {Bernardi}, M. and {Blanton}, M.~R. and {Bochanski}, Jr., J.~J. and 
	{Boroski}, W.~N. and {Briggs}, J.~W. and {Brinkmann}, J. and 
	{Brunner}, R.~J. and {Budav{\'a}ri}, T. and {Carey}, L.~N. and 
	{Carliles}, S. and {Castander}, F.~J. and {Connolly}, A.~J. and 
	{Csabai}, I. and {Doi}, M. and {Dong}, F. and {Eisenstein}, D.~J. and 
	{Evans}, M.~L. and {Fan}, X. and {Finkbeiner}, D.~P. and {Friedman}, S.~D. and 
	{Frieman}, J.~A. and {Fukugita}, M. and {Gal}, R.~R. and {Gillespie}, B. and 
	{Glazebrook}, K. and {Gray}, J. and {Grebel}, E.~K. and {Gunn}, J.~E. and 
	{Gurbani}, V.~K. and {Hall}, P.~B. and {Hamabe}, M. and {Harris}, F.~H. and 
	{Harris}, H.~C. and {Harvanek}, M. and {Heckman}, T.~M. and 
	{Hendry}, J.~S. and {Hennessy}, G.~S. and {Hindsley}, R.~B. and 
	{Hogan}, C.~J. and {Hogg}, D.~W. and {Holmgren}, D.~J. and {Ichikawa}, S.-i. and 
	{Ichikawa}, T. and {Ivezi{\'c}}, {\v Z}. and {Jester}, S. and 
	{Johnston}, D.~E. and {Jorgensen}, A.~M. and {Kent}, S.~M. and 
	{Kleinman}, S.~J. and {Knapp}, G.~R. and {Kniazev}, A.~Y. and 
	{Kron}, R.~G. and {Krzesinski}, J. and {Kunszt}, P.~Z. and {Kuropatkin}, N. and 
	{Lamb}, D.~Q. and {Lampeitl}, H. and {Lee}, B.~C. and {Leger}, R.~F. and 
	{Li}, N. and {Lin}, H. and {Loh}, Y.-S. and {Long}, D.~C. and 
	{Loveday}, J. and {Lupton}, R.~H. and {Malik}, T. and {Margon}, B. and 
	{Matsubara}, T. and {McGehee}, P.~M. and {McKay}, T.~A. and 
	{Meiksin}, A. and {Munn}, J.~A. and {Nakajima}, R. and {Nash}, T. and 
	{Neilsen}, Jr., E.~H. and {Newberg}, H.~J. and {Newman}, P.~R. and 
	{Nichol}, R.~C. and {Nicinski}, T. and {Nieto-Santisteban}, M. and 
	{Nitta}, A. and {Okamura}, S. and {O'Mullane}, W. and {Ostriker}, J.~P. and 
	{Owen}, R. and {Padmanabhan}, N. and {Peoples}, J. and {Pier}, J.~R. and 
	{Pope}, A.~C. and {Quinn}, T.~R. and {Richards}, G.~T. and {Richmond}, M.~W. and 
	{Rix}, H.-W. and {Rockosi}, C.~M. and {Schlegel}, D.~J. and 
	{Schneider}, D.~P. and {Scranton}, R. and {Sekiguchi}, M. and 
	{Seljak}, U. and {Sergey}, G. and {Sesar}, B. and {Sheldon}, E. and 
	{Shimasaku}, K. and {Siegmund}, W.~A. and {Silvestri}, N.~M. and 
	{Smith}, J.~A. and {Smol{\v c}i{\'c}}, V. and {Snedden}, S.~A. and 
	{Stebbins}, A. and {Stoughton}, C. and {Strauss}, M.~A. and 
	{SubbaRao}, M. and {Szalay}, A.~S. and {Szapudi}, I. and {Szkody}, P. and 
	{Szokoly}, G.~P. and {Tegmark}, M. and {Teodoro}, L. and {Thakar}, A.~R. and 
	{Tremonti}, C. and {Tucker}, D.~L. and {Uomoto}, A. and {Vanden Berk}, D.~E. and 
	{Vandenberg}, J. and {Vogeley}, M.~S. and {Voges}, W. and {Vogt}, N.~P. and 
	{Walkowicz}, L.~M. and {Wang}, S.-i. and {Weinberg}, D.~H. and 
	{West}, A.~A. and {White}, S.~D.~M. and {Wilhite}, B.~C. and 
	{Xu}, Y. and {Yanny}, B. and {Yasuda}, N. and {Yip}, C.-W. and 
	{Yocum}, D.~R. and {York}, D.~G. and {Zehavi}, I. and {Zibetti}, S. and 
	{Zucker}, D.~B.},
    title = "{The Second Data Release of the Sloan Digital Sky Survey}",
  journal = {\aj},
   eprint = {astro-ph/0403325},
 keywords = {Atlases, Catalogs, Surveys},
     year = 2004,
    month = jul,
   volume = 128,
    pages = {502-512},
      doi = {10.1086/421365},
   adsurl = {http://adsabs.harvard.edu/abs/2004AJ....128..502A},
  adsnote = {Provided by the SAO/NASA Astrophysics Data System}
}

@ARTICLE{2003AJ....126.2081A,
   author = {{Abazajian}, K. and {Adelman-McCarthy}, J.~K. and {Ag{\"u}eros}, M.~A. and 
	{Allam}, S.~S. and {Anderson}, S.~F. and {Annis}, J. and {Bahcall}, N.~A. and 
	{Baldry}, I.~K. and {Bastian}, S. and {Berlind}, A. and {Bernardi}, M. and 
	{Blanton}, M.~R. and {Blythe}, N. and {Bochanski}, Jr., J.~J. and 
	{Boroski}, W.~N. and {Brewington}, H. and {Briggs}, J.~W. and 
	{Brinkmann}, J. and {Brunner}, R.~J. and {Budav{\'a}ri}, T. and 
	{Carey}, L.~N. and {Carr}, M.~A. and {Castander}, F.~J. and 
	{Chiu}, K. and {Collinge}, M.~J. and {Connolly}, A.~J. and {Covey}, K.~R. and 
	{Csabai}, I. and {Dalcanton}, J.~J. and {Dodelson}, S. and {Doi}, M. and 
	{Dong}, F. and {Eisenstein}, D.~J. and {Evans}, M.~L. and {Fan}, X. and 
	{Feldman}, P.~D. and {Finkbeiner}, D.~P. and {Friedman}, S.~D. and 
	{Frieman}, J.~A. and {Fukugita}, M. and {Gal}, R.~R. and {Gillespie}, B. and 
	{Glazebrook}, K. and {Gonzalez}, C.~F. and {Gray}, J. and {Grebel}, E.~K. and 
	{Grodnicki}, L. and {Gunn}, J.~E. and {Gurbani}, V.~K. and {Hall}, P.~B. and 
	{Hao}, L. and {Harbeck}, D. and {Harris}, F.~H. and {Harris}, H.~C. and 
	{Harvanek}, M. and {Hawley}, S.~L. and {Heckman}, T.~M. and 
	{Helmboldt}, J.~F. and {Hendry}, J.~S. and {Hennessy}, G.~S. and 
	{Hindsley}, R.~B. and {Hogg}, D.~W. and {Holmgren}, D.~J. and 
	{Holtzman}, J.~A. and {Homer}, L. and {Hui}, L. and {Ichikawa}, S.-i. and 
	{Ichikawa}, T. and {Inkmann}, J.~P. and {Ivezi{\'c}}, {\v Z}. and 
	{Jester}, S. and {Johnston}, D.~E. and {Jordan}, B. and {Jordan}, W.~P. and 
	{Jorgensen}, A.~M. and {Juri{\'c}}, M. and {Kauffmann}, G. and 
	{Kent}, S.~M. and {Kleinman}, S.~J. and {Knapp}, G.~R. and {Kniazev}, A.~Y. and 
	{Kron}, R.~G. and {Krzesi{\'n}ski}, J. and {Kunszt}, P.~Z. and 
	{Kuropatkin}, N. and {Lamb}, D.~Q. and {Lampeitl}, H. and {Laubscher}, B.~E. and 
	{Lee}, B.~C. and {Leger}, R.~F. and {Li}, N. and {Lidz}, A. and 
	{Lin}, H. and {Loh}, Y.-S. and {Long}, D.~C. and {Loveday}, J. and 
	{Lupton}, R.~H. and {Malik}, T. and {Margon}, B. and {McGehee}, P.~M. and 
	{McKay}, T.~A. and {Meiksin}, A. and {Miknaitis}, G.~A. and 
	{Moorthy}, B.~K. and {Munn}, J.~A. and {Murphy}, T. and {Nakajima}, R. and 
	{Narayanan}, V.~K. and {Nash}, T. and {Neilsen}, Jr., E.~H. and 
	{Newberg}, H.~J. and {Newman}, P.~R. and {Nichol}, R.~C. and 
	{Nicinski}, T. and {Nieto-Santisteban}, M. and {Nitta}, A. and 
	{Odenkirchen}, M. and {Okamura}, S. and {Ostriker}, J.~P. and 
	{Owen}, R. and {Padmanabhan}, N. and {Peoples}, J. and {Pier}, J.~R. and 
	{Pindor}, B. and {Pope}, A.~C. and {Quinn}, T.~R. and {Rafikov}, R.~R. and 
	{Raymond}, S.~N. and {Richards}, G.~T. and {Richmond}, M.~W. and 
	{Rix}, H.-W. and {Rockosi}, C.~M. and {Schaye}, J. and {Schlegel}, D.~J. and 
	{Schneider}, D.~P. and {Schroeder}, J. and {Scranton}, R. and 
	{Sekiguchi}, M. and {Seljak}, U. and {Sergey}, G. and {Sesar}, B. and 
	{Sheldon}, E. and {Shimasaku}, K. and {Siegmund}, W.~A. and 
	{Silvestri}, N.~M. and {Sinisgalli}, A.~J. and {Sirko}, E. and 
	{Smith}, J.~A. and {Smol{\v c}i{\'c}}, V. and {Snedden}, S.~A. and 
	{Stebbins}, A. and {Steinhardt}, C. and {Stinson}, G. and {Stoughton}, C. and 
	{Strateva}, I.~V. and {Strauss}, M.~A. and {SubbaRao}, M. and 
	{Szalay}, A.~S. and {Szapudi}, I. and {Szkody}, P. and {Tasca}, L. and 
	{Tegmark}, M. and {Thakar}, A.~R. and {Tremonti}, C. and {Tucker}, D.~L. and 
	{Uomoto}, A. and {Vanden Berk}, D.~E. and {Vandenberg}, J. and 
	{Vogeley}, M.~S. and {Voges}, W. and {Vogt}, N.~P. and {Walkowicz}, L.~M. and 
	{Weinberg}, D.~H. and {West}, A.~A. and {White}, S.~D.~M. and 
	{Wilhite}, B.~C. and {Willman}, B. and {Xu}, Y. and {Yanny}, B. and 
	{Yarger}, J. and {Yasuda}, N. and {Yip}, C.-W. and {Yocum}, D.~R. and 
	{York}, D.~G. and {Zakamska}, N.~L. and {Zehavi}, I. and {Zheng}, W. and 
	{Zibetti}, S. and {Zucker}, D.~B.},
    title = "{The First Data Release of the Sloan Digital Sky Survey}",
  journal = {\aj},
   eprint = {astro-ph/0305492},
 keywords = {Atlases, Catalogs, Surveys},
     year = 2003,
    month = oct,
   volume = 126,
    pages = {2081-2086},
      doi = {10.1086/378165},
   adsurl = {http://adsabs.harvard.edu/abs/2003AJ....126.2081A},
  adsnote = {Provided by the SAO/NASA Astrophysics Data System}
}

@ARTICLE{2002AJ....123..485S,
   author = {{Stoughton}, C. and {Lupton}, R.~H. and {Bernardi}, M. and {Blanton}, M.~R. and 
	{Burles}, S. and {Castander}, F.~J. and {Connolly}, A.~J. and 
	{Eisenstein}, D.~J. and {Frieman}, J.~A. and {Hennessy}, G.~S. and 
	{Hindsley}, R.~B. and {Ivezi{\'c}}, {\v Z}. and {Kent}, S. and 
	{Kunszt}, P.~Z. and {Lee}, B.~C. and {Meiksin}, A. and {Munn}, J.~A. and 
	{Newberg}, H.~J. and {Nichol}, R.~C. and {Nicinski}, T. and 
	{Pier}, J.~R. and {Richards}, G.~T. and {Richmond}, M.~W. and 
	{Schlegel}, D.~J. and {Smith}, J.~A. and {Strauss}, M.~A. and 
	{SubbaRao}, M. and {Szalay}, A.~S. and {Thakar}, A.~R. and {Tucker}, D.~L. and 
	{Vanden Berk}, D.~E. and {Yanny}, B. and {Adelman}, J.~K. and 
	{Anderson}, Jr., J.~E. and {Anderson}, S.~F. and {Annis}, J. and 
	{Bahcall}, N.~A. and {Bakken}, J.~A. and {Bartelmann}, M. and 
	{Bastian}, S. and {Bauer}, A. and {Berman}, E. and {B{\"o}hringer}, H. and 
	{Boroski}, W.~N. and {Bracker}, S. and {Briegel}, C. and {Briggs}, J.~W. and 
	{Brinkmann}, J. and {Brunner}, R. and {Carey}, L. and {Carr}, M.~A. and 
	{Chen}, B. and {Christian}, D. and {Colestock}, P.~L. and {Crocker}, J.~H. and 
	{Csabai}, I. and {Czarapata}, P.~C. and {Dalcanton}, J. and 
	{Davidsen}, A.~F. and {Davis}, J.~E. and {Dehnen}, W. and {Dodelson}, S. and 
	{Doi}, M. and {Dombeck}, T. and {Donahue}, M. and {Ellman}, N. and 
	{Elms}, B.~R. and {Evans}, M.~L. and {Eyer}, L. and {Fan}, X. and 
	{Federwitz}, G.~R. and {Friedman}, S. and {Fukugita}, M. and 
	{Gal}, R. and {Gillespie}, B. and {Glazebrook}, K. and {Gray}, J. and 
	{Grebel}, E.~K. and {Greenawalt}, B. and {Greene}, G. and {Gunn}, J.~E. and 
	{de Haas}, E. and {Haiman}, Z. and {Haldeman}, M. and {Hall}, P.~B. and 
	{Hamabe}, M. and {Hansen}, B. and {Harris}, F.~H. and {Harris}, H. and 
	{Harvanek}, M. and {Hawley}, S.~L. and {Hayes}, J.~J.~E. and 
	{Heckman}, T.~M. and {Helmi}, A. and {Henden}, A. and {Hogan}, C.~J. and 
	{Hogg}, D.~W. and {Holmgren}, D.~J. and {Holtzman}, J. and {Huang}, C.-H. and 
	{Hull}, C. and {Ichikawa}, S.-I. and {Ichikawa}, T. and {Johnston}, D.~E. and 
	{Kauffmann}, G. and {Kim}, R.~S.~J. and {Kimball}, T. and {Kinney}, E. and 
	{Klaene}, M. and {Kleinman}, S.~J. and {Klypin}, A. and {Knapp}, G.~R. and 
	{Korienek}, J. and {Krolik}, J. and {Kron}, R.~G. and {Krzesi{\'n}ski}, J. and 
	{Lamb}, D.~Q. and {Leger}, R.~F. and {Limmongkol}, S. and {Lindenmeyer}, C. and 
	{Long}, D.~C. and {Loomis}, C. and {Loveday}, J. and {MacKinnon}, B. and 
	{Mannery}, E.~J. and {Mantsch}, P.~M. and {Margon}, B. and {McGehee}, P. and 
	{McKay}, T.~A. and {McLean}, B. and {Menou}, K. and {Merelli}, A. and 
	{Mo}, H.~J. and {Monet}, D.~G. and {Nakamura}, O. and {Narayanan}, V.~K. and 
	{Nash}, T. and {Neilsen}, Jr., E.~H. and {Newman}, P.~R. and 
	{Nitta}, A. and {Odenkirchen}, M. and {Okada}, N. and {Okamura}, S. and 
	{Ostriker}, J.~P. and {Owen}, R. and {Pauls}, A.~G. and {Peoples}, J. and 
	{Peterson}, R.~S. and {Petravick}, D. and {Pope}, A. and {Pordes}, R. and 
	{Postman}, M. and {Prosapio}, A. and {Quinn}, T.~R. and {Rechenmacher}, R. and 
	{Rivetta}, C.~H. and {Rix}, H.-W. and {Rockosi}, C.~M. and {Rosner}, R. and 
	{Ruthmansdorfer}, K. and {Sandford}, D. and {Schneider}, D.~P. and 
	{Scranton}, R. and {Sekiguchi}, M. and {Sergey}, G. and {Sheth}, R. and 
	{Shimasaku}, K. and {Smee}, S. and {Snedden}, S.~A. and {Stebbins}, A. and 
	{Stubbs}, C. and {Szapudi}, I. and {Szkody}, P. and {Szokoly}, G.~P. and 
	{Tabachnik}, S. and {Tsvetanov}, Z. and {Uomoto}, A. and {Vogeley}, M.~S. and 
	{Voges}, W. and {Waddell}, P. and {Walterbos}, R. and {Wang}, S.-i. and 
	{Watanabe}, M. and {Weinberg}, D.~H. and {White}, R.~L. and 
	{White}, S.~D.~M. and {Wilhite}, B. and {Wolfe}, D. and {Yasuda}, N. and 
	{York}, D.~G. and {Zehavi}, I. and {Zheng}, W.},
    title = "{Sloan Digital Sky Survey: Early Data Release}",
  journal = {\aj},
 keywords = {Atlases, Catalogs, Surveys},
     year = 2002,
    month = jan,
   volume = 123,
    pages = {485-548},
      doi = {10.1086/324741},
   adsurl = {http://adsabs.harvard.edu/abs/2002AJ....123..485S},
  adsnote = {Provided by the SAO/NASA Astrophysics Data System}
}